@ARTICLE{adams78,
citekey={adams78},
author={J. C. Adams},
title={On the expression of the product of any two
Legendre's coefficients by means of a series of
Legendre's coefficients},
journal={Proc. Roy. Soc. Lond.},
year=1878,
volume=27,
pages={63--71},
}

@ARTICLE{agnew&al76,
citekey={agnew&al76},
author={D. Agnew and J. Berger and R. Buland and W. Farrell and F. Gilbert},
title={International Deployment of Accelerometers: A network
for very long period seismology},
journal={EOS, Trans. Am. Geophys. Un.},
year=1976,
volume=57,
pages={180--188},
}

@ARTICLE{aki66,
citekey={aki66},
author={K. Aki},
title={Generation and propagation of G waves from the
Niigata earthquake of June 16, 1964---2.\ Estimation of earthquake
moment, released energy, and strain-drop from the G wave spectrum},
journal={Bull. Earthquake Res. Inst. Tokyo},
year=1966,
volume=44,
pages={23--88},
}

@BOOK{aki&richards80,
citekey={aki&richards80},
author={K. Aki and P. G. Richards},
title={Quantitative Seismology},
year=1980,
publisher={Freeman, New York, New York},
}

@ARTICLE{akopyan&al75,
citekey={akopyan&al75},
author={S. Ts. Akopyan and V. N. Zharkov and V. M. Lyubimov},
title={The dynamic shear modulus in the interior of the Earth},
journal={Dokl. Akad. Nauk USSR, Earth Sci. Sect.},
year=1975,
volume=223,
pages={1--3},
}

@ARTICLE{akopyan&al76,
citekey={akopyan&al76},
author={S. Ts. Akopyan and V. N. Zharkov and V. M. Lyubimov},
title={Corrections to the eigenfrequencies of the Earth
due to the dynamic shear modulus},
journal={Izv., Bull. Akad. Sci. USSR, Phys. Solid Earth},
year=1976,
volume=12,
pages={625--630},
}

@ARTICLE{alsop&al61,
citekey={alsop&al61},
author={L. E. Alsop and G. H. Sutton and M. Ewing},
title={Free oscillations of the Earth observed on strain
and pendulum seismographs},
journal={J. Geophys. Res.},
year=1961,
volume=66,
pages={631--641},
}

@ARTICLE{alterman&al59,
citekey={alterman&al59},
author={Z. Alterman and H. Jarosch and C. L. Pekeris},
title={Oscillations of the Earth},
journal={Proc. Roy. Soc. Lond., Ser. A},
year=1959,
volume=252,
pages={80--95},
}

@ARTICLE{aly&perez92,
citekey={aly&perez92},
author={J.-J. Aly and J. {P\'{e}rez}},
title={On the stability of a gaseous sphere against
non-radial perturbations},
journal={Mon. Not. Roy. Astron. Soc.},
year=1992,
volume=259,
pages={95--103},
}

@BOOK{anderson89,
citekey={anderson89},
author={D. L. Anderson},
title={Theory of the Earth},
year=1991,
publisher={Blackwell Scientific Publications,
Boston, Massachusetts},
}

@ARTICLE{anderson&minster79,
citekey={anderson&minister79},
author={D. L. Anderson and J. B. Minster},
title={The frequency dependence of Q in the Earth
and implications for mantle rheology and the Chandler wobble},
journal={Geophys. J. Roy. Astron. Soc.},
year=1979,
volume=58,
pages={431--440},
}

@ARTICLE{angenheister06,
citekey={angenheister06},
author={G. Angenheister},
title={Bestimmung der Fortpflanzungschwindigkeit und
Absorption von Erdbebenwellen, die durch den Gegenpunkt
des Herdes gegangen sind},
journal={Nachr. {K\"{o}niglichen} Gesell.
Wissen. {G\"{o}ttingen}, Math. Phys. Klasse},
year={1906},
pages={110--123},
}

@ARTICLE{angenheister21,
citekey={angenheister21},
author={G. Angenheister},
title={Beobachtungen an pazifischen Beben},
journal={Nachr. {K\"{o}niglichen} Gesell.
Wissen. {G\"{o}ttingen}, Math. Phys. Klasse},
year={1921},
pages={113--146},
}

@ARTICLE{ansell73,
citekey={ansell73},
author={J. H. Ansell},
title={Legendre functions, the Hilbert transform
and surface waves on a sphere},
journal={Geophys. J. Roy. Astron. Soc.},
year={1973},
volume={32},
pages={95--117},
}

@BOOK{arnold78,
citekey={arnold78},
author={V. I. Arnold},
title={Mathematical Methods of Classical Mechanics},
year=1978,
publisher={Springer-Verlag, New York},
}

@ARTICLE{babich&al76,
citekey={babich&al76},
author={V. M. Babich and B. A. Chikhachev and T. B. Yanovskaya},
title={Surface waves in a vertically inmogeneous elastic half space
with weak horizontal inhomogeneity},
journal={Izv., Bull. Akad. Sci. USSR, Phys. Solid Earth},
year=1976,
volume=4,
pages={24--31},
}

@ARTICLE{backus58,
citekey={backus58},
author={G. E. Backus},
title={A class of self-sustaining spherical dynamos},
journal={Ann. Phys. New York},
year=1958,
volume=4,
pages={372--447},
}

@ARTICLE{backus64,
citekey={backus64},
author={G. E. Backus},
title={Geographical interpretation of measurements of average
phase velocities of surface waves over great circular and
great semi-circular paths},
journal={Bull. Seismol. Soc. Am.},
year=1964,
volume=54,
pages={571--610},
}

@ARTICLE{backus67,
citekey={backus67},
author={G. E. Backus},
title={Converting vector and tensor equations to scalar
equations in spherical coordinates},
journal={Geophys. J. Roy. Astron. Soc.},
year=1967,
volume=13,
pages={71--101},
}

@ARTICLE{backus77a,
citekey={backus77a},
author={G. E. Backus},
title={Interpreting the seismic glut moments of total
degree two or less},
journal={Geophys. J. Roy. Astron. Soc.},
year={1977a},
volume=51,
pages={1--25},
}

@ARTICLE{backus77b,
citekey={backus77b},
author={G. E. Backus},
title={Seismic sources with observable glut moments of spatial
degree two},
journal={Geophys. J. Roy. Astron. Soc.},
year={1977b},
volume=51,
pages={27--45},
}

@ARTICLE{backus86,
citekey={backus86},
author={G. Backus},
title={Poloidal and toroidal fields in geomagnetic field modeling},
journal={Rev. Geophys.},
year={1986},
volume={24},
pages={75--109},
}

@ARTICLE{backus&gilbert61,
citekey={backus&gilbert61},
author={G. E. Backus and F. Gilbert},
title={The rotational splitting of the free oscillations
of the Earth},
journal={Proc. Nat. Acad. Sci. USA},
year=1961,
volume=47,
pages={362--371},
}

@ARTICLE{backus&gilbert67,
citekey={backus&gilbert67},
author={G. E. Backus and F. Gilbert},
title={Numerical applications of a formalism for geophysical
inverse problems},
journal={Geophys. J. Roy. Astron. Soc.},
year=1967,
volume=13,
pages={247--276},
}

@ARTICLE{backus&gilbert68,
citekey={backus&gilbert68},
author={G. E. Backus and F. Gilbert},
title={The resolving power of gross Earth data},
journal={Geophys. J. Roy. Astron. Soc.},
year=1968,
volume=16,
pages={169--205},
}

@ARTICLE{backus&gilbert70,
citekey={backus&gilbert70},
author={G. E. Backus and F. Gilbert},
title={Uniqueness in the inversion of gross Earth data},
journal={Phil. Trans. Roy. Soc. Lond., Ser. A},
year=1970,
volume=266,
pages={169--205},
}

@ARTICLE{backus&mulcahy76a,
citekey={backus&mulcahy76a},
author={G. E. Backus and M. Mulcahy},
title={Moment tensors and other phenomenological
descriptions of seismic sources---I.\ Continuous displacements},
journal={Geophys. J. Roy. Astron. Soc.},
year={1976a},
volume=46,
pages={341--361},
}

@ARTICLE{backus&mulcahy76b,
citekey={backus&mulcahy76b},
author={G. E. Backus and M. Mulcahy},
title={Moment tensors and other phenomenological
descriptions of seismic sources---II.\ Discontinuous displacements},
journal={Geophys. J. Roy. Astron. Soc.},
year={1976b},
volume=47,
pages={301--329},
}

@BOOK{backus&al96,
citekey={backus&al96},
author={G. Backus and R. Parker and C. Constable},
title={Foundations of Geomagnetism},
year=1996,
publisher={Cambridge University Press, Cambridge},
}

@ARTICLE{baker&al96,
citekey={baker&al96},
author={T. F. Baker and D. J. Curtis and A. H. Dodson},
title={A new test of Earth tide models in central Europe},
journal={Geophys. Res. Lett.},
year={1996},
volume=23,
pages={3559--3562},
}


@BOOK{bender&orszag78,
citekey={bender&orszag78},
author={C. M. Bender and S. A. Orszag},
title={Advanced Mathematical Methods for Scientists and
Engineers},
year=1978,
publisher={McGraw-Hill, New York},
}

@ARTICLE{benioff58,
citekey={benioff58},
author={H. Benioff},
title={Long waves observed in the Kamchatka earthquake of November 4, 1952},
journal={J. Geophys. Res.},
year=1958,
volume=63,
pages={589--593},
}

@ARTICLE{benioff&al61,
citekey={benioff&al61},
author={H. Benioff and F. Press and S. Smith},
title={Excitation of the free oscillations of the Earth by earthquakes},
journal={J. Geophys. Res.},
year=1961,
volume=66,
pages={605--619},
}

@ARTICLE{ben-menahem&harkrider64,
citekey={ben-menahem&harkrider64},
author={A. {Ben-Menahem} and D. G. Harkrider},
title={Radiation patterns of seismic surface waves from buried dipolar
point sources in a stratified Earth},
journal={J. Geophys. Res.},
year=1964,
volume=69,
pages={2605--2620},
}

@ARTICLE{ben-menahem&israel70,
citekey={ben-menahem&israel70},
author={A. {Ben-Menahem} and M. Israel},
title={Effects of major seismic events on the rotation of the Earth},
journal={Geophys. J. Roy. Astron. Soc.},
year=1970,
volume=19,
pages={367--393},
}

@BOOK{ben-menahem&singh81,
citekey={ben-menahem&singh81},
author={A. {Ben-Menahem} and S. J. Singh},
title={Seismic Waves and Sources},
year=1981,
publisher={Springer-Verlag, New York},
}

@ARTICLE{berry&upstill80,
citekey={berry&upstill80},
author={M. V. Berry and C. Upstill},
title={Catastrophe optics: morphologies of caustics
and their diffraction patterns},
journal={Prog. Opt.},
year={1980},
volume={18},
pages={257--346},
}

@BOOK{binney&tremaine87,
citekey={binney&tremaine87},
author={J. Binney and S. Tremaine},
title={Galactic Dynamics},
year=1987,
publisher={Princeton University Press, Princeton, New Jersey},
}

@BOOK{blackman&tukey58,
citekey={blackman&tukey58},
author={R. B. Blackman and J. W. Tukey},
title={The Measurement of Power Spectra},
year=1958,
publisher={Dover Publications, New York},
}

@BOOK{bland60,
citekey={bland60},
author={D. R. Bland},
title={The Theory of Linear Viscolelasticity},
year=1960,
publisher={Pergamon Press, Oxford},
}

@ARTICLE{bolt&marussi62,
citekey={bolt&marussi62},
author={B. A. Bolt and A. Marussi},
title={Eigenvibrations of the Earth observed at Trieste},
journal={Geophys. J. Roy. Astron. Soc.},
year={1962},
volume={6},
pages={299--311},
}

@BOOK{born27,
citekey={born27},
author={M. Born},
title={The Mechanics of the Atom},
year=1927,
publisher={G. Bell, London},
\note={(Republished by Frederick Ungar, New York, 1960)},
}

@BOOK{bracewell65,
citekey={bracewell65},
author={R. Bracewell},
title={The Fourier Transform and Its Applications},
year=1965,
publisher={McGraw-Hill, New York},
}

@ARTICLE{bretherton68,
citekey={bretherton68},
author={F. P. Bretherton},
title={Propagation in slowly varying waveguides},
journal={Proc. Roy. Soc. Lond., Ser. A},
year=1968,
volume=302,
pages={555--576},
}

@ARTICLE{bromwich98,
citekey={bromwich98},
author={Bromwich, {T. T. I'A.}},
title={On the influence of gravity on elastic waves, and, in particular,
on the vibrations of an elastic globe},
journal={Proc. Lond. Math. Soc.},
year=1898,
volume=30,
pages={98--120},
}

@ARTICLE{brune64,
citekey={brune64},
author={J. N. Brune},
title={Travel times, body waves and normal modes of the Earth},
journal={Bull. Seismol. Soc. Am.},
year=1964,
volume=54,
pages={1315--1321},
}

@ARTICLE{brune66,
citekey={brune66},
author={J. N. Brune},
title={P and S travel times and spheroidal normal modes
of a homogeneous sphere},
journal={J. Geophys. Res.},
year=1966,
volume=71,
pages={2959--2965},
}

@ARTICLE{brune&al60,
citekey={brune&al60},
author={J. N. Brune and J. E. Nafe and J. Oliver},
title={A simplified method for the analysis and synthesis
of dispersed wavetrains},
journal={J. Geophys. Res.},
year=1960,
volume=65,
pages={287--304},
}

@ARTICLE{brune&al61,
citekey={brune&al61},
author={J. N. Brune and J. E. Nafe and L. E. Alsop},
title={The polar phase shift of surface waves on a sphere},
journal={Bull. Seismol. Soc. Am.},
year=1961,
volume=51,
pages={247--257},
}

@ARTICLE{brune&dorman63,
citekey={brune&dorman63},
author={J. N. Brune and J. Dorman},
title={Seismic waves and Earth structure in the Canadian shield},
journal={Bull. Seismol. Soc. Am.},
year=1963,
volume=53,
pages={167--210},
}

@ARTICLE{brussaard&tolhoek57,
citekey={brussaard&tolhoek57},
author={P. J. Brussaard and H. A. Tolhoek},
title={Classical limits of Clebsch-Gordan coefficients,
Racah coefficients and $\sD_{mn}^{l,m}(\phi,\theta,\psi)$--functions},
journal={Physica},
year={1957},
volume={23},
pages={955--971},
}

@ARTICLE{bukchin94,
citekey={bukchin94},
author={B. G. Bukchin},
title={Determination of stress glut moments of total degree two from
teleseismic surface wave amplitude spectra},
journal={Tectonophysics},
year=1995,
volume={248},
pages={185--191},
}

@ARTICLE{buland81,
citekey={buland81},
author={R. Buland},
title={Free oscillations of the Earth},
journal={Ann. Rev. Earth Planet. Sci.},
year=1981,
volume=9,
pages={385--413},
}

@ARTICLE{buland&gilbert76,
citekey={buland&gilbert76},
author={R. Buland and F. Gilbert},
title={Matched filtering for the seismic moment tensor},
journal={Geophys. Res. Lett.},
year=1976,
volume=3,
pages={205--206},
}

@ARTICLE{buland&al79,
citekey={buland&al79},
author={R. Buland and J. Berger and F. Gilbert},
title={Observations from the IDA network of attenuation and splitting
during a recent earthquake},
journal={Nature},
year=1979,
volume=277,
pages={358--362},
}

@ARTICLE{buland&al85,
citekey={buland&al85},
author={R. Buland and D. A. Yuen and K. Konstanty and R. Widmer},
title={Source phase shift: A new phenomenon in wave propagation
due to anelasticity},
journal={Geophys. Res. Lett.},
year=1985,
volume=12,
pages={569--572},
}

@ARTICLE{bullen37,
citekey={bullen37},
author={K. E. Bullen},
title={The ellipticity correction to travel times of P and S
earthquake waves},
journal={Mon. Not. Roy. Astron. Soc., Geophys. Suppl.},
year=1937,
volume=4,
pages={143--157},
}

@BOOK{bullen63,
citekey={bullen63},
author={K. E. Bullen},
title={An Introduction to the Theory of Seismology},
year=1963,
publisher={Cambridge University Press, Cambridge},
}

@BOOK{bullen75,
citekey={bullen75},
author={K. E. Bullen},
title={The Earth's Density},
year=1975,
publisher={Chapman and Hall, London},
}

@ARTICLE{burridge66,
citekey={burridge66},
author={R. Burridge},
title={The Legendre functions of the second kind
with complex argument in the theory of wave propagation},
journal={J. Math. Phys.},
year={1966},
volume={45},
pages={322--330},
}

@ARTICLE{burridge69,
citekey={burridge69},
author={R. Burridge},
title={Spherically symmetric differential equations, the
rotation group, and tensor spherical functions},
journal={Proc. Camb. Phil. Soc.},
year=1969,
volume=65,
pages={157--175},
}

@BOOK{burridge76,
citekey={burridge76},
author={R. Burridge},
title={Some Mathematical Topics in Seismology},
year=1976,
publisher={Courant Institute of Mathematical Sciences},
address={New York University, New York},
}

@ARTICLE{burridge&knopoff64,
citekey={burridge&knopoff64},
author={R. Burridge and L. Knopoff},
title={Body force equivalents for seismic dislocations},
journal={Bull. Seismol. Soc. Am.},
year=1964,
volume=54,
pages={1875--1888},
}

@ARTICLE{cavendish1798,
citekey={cavendish1798},
author={H. Cavendish},
title={Experiments to determine the density of the Earth},
journal={Phil. Trans. Roy. Soc. Lond.},
year=1798,
volume=58,
pages={469--526},
}

@BOOK{cerveny&al77,
citekey={cerveny&al77},
author={V. {\v{C}erven\'{y}} and I. A. Molotkov
and I. {P\v{s}en\v{c}\'{\i}k}},
title={Ray Method in Seismology},
year=1977,
publisher={Univerzita Karlova, Praha},
}

@INCOLLECTION{cerveny85,
citekey={cerveny85},
author={V. {\v{C}erven\'{y}}},
title={The application of ray tracing to the
numerical modeling of seismic wavefields
in complex structures},
booktitle={Seismic Shear Waves, Part A: Theory,
Handbook of Geophysical Exploration},
publisher={Geophysical Press},
address={London},
editor={G. P. Dohr},
volume={15A},
year=1985,
pages={1--124},
}

@ARTICLE{chandrasekhar&roberts63,
citekey={chandrasekhar&roberts63},
author={S. Chandrasekhar and P. H. Roberts},
title={The ellipticity of a slowly rotating configuration},
journal={Astrophys. J.},
year=1963,
volume=138,
pages={801--808},
}

@ARTICLE{chao&gross95,
citekey={chao&gross95},
author={B. F. Chao and R. S. Gross},
title={Changes in the Earth's rotational energy
induced by earthquakes},
journal={Geophys. J. Int.},
year={1995},
volume={122},
pages={776--783},
}

@ARTICLE{chao&al95,
citekey={chao&al95},
author={B. F. Chao and R. S. Gross and D.-N. Dong},
title={Changes in global gravitational energy
induced by earthquakes},
journal={Geophys. J. Int.},
year={1995},
volume={122},
pages={784--789},
}

@BOOK{chapman&bartels40,
citekey={chapman&bartels40},
author={S. Chapman and J. Bartels},
title={Geomagnetism},
year={1940},
publisher={Oxford University Press, Oxford},
}

@ARTICLE{chapman76,
citekey={chapman76},
author={C. H. Chapman},
title={A first-motion alternative to geometrical ray theory},
journal={Geophys. Res. Lett.},
year=1976,
volume={3},
pages={153--156},
}

@ARTICLE{chapman78,
citekey={chapman78},
author={C. H. Chapman},
title={A new method for computing synthetic seismograms},
journal={Geophys. J. Roy. Astron. Soc.},
year=1978,
volume={54},
pages={481--518},
}

@ARTICLE{chapman&drummond82,
citekey={chapman&drummond82},
author={C. H. Chapman and R. Drummond},
title={Body-wave seismograms in inhomogeneous media
using Maslov asymptotic theory},
journal={Bull. Seismol. Soc. Am.},
year=1982,
volume=72,
pages={S277--S317},
}

@ARTICLE{chapman&orcutt85,
citekey={chapman&orcutt85},
author={C. H. Chapman and J. A. Orcutt},
title={The computation of body wave seismograms in
laterally homogeneous media},
journal={Rev. Geophys.},
year=1985,
volume=23,
pages={105--163},
}

@INCOLLECTION{chapman&al88,
citekey={chapman&al88},
author={C. H. Chapman and J.-Y. Chu and D. G. Lyness},
title={The WKBJ seismogram algorithm},
booktitle={Seismological Algorithms: Computational
Methods and Computer Programs},
publisher={Academic Press, New York},
editor={D. J. Doornbos},
year=1988,
pages={47--74},
}

@ARTICLE{choy&richards75,
citekey={choy&richards75},
author={G. L. Choy and P. G. Richards},
title={Pulse distortion and Hilbert transformation
in multiply reflected and refracted body waves},
journal={Bull. Seismol. Soc. Am.},
year=1975,
volume=65,
pages={55--70},
}

@ARTICLE{chree89,
citekey={chree89},
author={C. Chree},
title={The equations of an isotropic elastic solid in polar and
cylindrical coordinates, their solution and applications},
journal={Trans. Camb. Phil. Soc.},
year=1889,
volume=14,
pages={250--369},
}

@BOOK{clairaut43,
citekey={clairaut43},
author={A. C. Clairaut},
title={Th\'{e}orie de la Figure de la Terre},
year=1743,
publisher={Paris},
}

@ARTICLE{clemmow61,
citekey={clemmow61},
author={P. C. Clemmow},
title={An infinite Legendre integral transform and
its inverse},
journal={Proc. Camb. Phil. Soc.},
year={1961},
volume={57},
pages={547--560},
}

@ARTICLE{clevede&lognonne96,
citekey={clevede&lognonne96},
author={E. {Cl\'{e}v\'{e}d\'{e}} and P. {Lognonn\'{e}}},
title={Fr\'{e}chet derivatives of coupled seismograms with
respect to an anelastic rotating Earth},
journal={Geophys. J. Int.},
year=1996,
volume={124},
pages={456--482},
}

@ARTICLE{coates&chapman90,
citekey={coates&chapman90},
author={R. T. Coates and C. H. Chapman},
title={Ray perturbation theory and the Born approximation},
journal={Geophys. J. Int.},
year={1990},
volume={100},
pages={379--392},
}

@BOOK{condon&shortley35,
citekey={condon&shortley35},
author={E. U. Condon and G. H. Shortley},
title={The Theory of Atomic Spectra},
year=1935,
publisher={Cambridge University Press, Cambridge},
}

@ARTICLE{connes&al62,
citekey={connes&al62},
author={J. Connes and P. A. Blum and N. Jobert and G. Jobert},
title={Observations des oscillations propres de la Terre},
journal={Ann. Geophys.},
year={1962},
volume={18},
pages={260--268},
}

@BOOK{courant&hilbert66,
citekey={courant&hilbert66},
author={R. Courant and D. Hilbert},
title={Methods of Mathematical Physics},
year=1966,
publisher={Wiley, London},
}

@ARTICLE{cowling&newing49,
citekey={cowling&newing49},
author={T. G. Cowling and R. A. Newing},
title={The oscillations of a rotating star},
journal={Astrophys. J.},
year=1949,
volume=109,
pages={149--158},
}

@ARTICLE{creager92,
citekey={creager92},
author={K. C. Creager},
title={Anisotropy of the inner core from differential travel times of the
phases PKP and PKIKP},
journal={Nature},
year=1992,
volume=356,
pages={309--314},
}

@ARTICLE{cummins&al94a,
citekey={cummins&al94a},
author={P. R. Cummins and R. J. Geller and T. Hatori and N. Takeuchi},
title={DSM complete synythetic seismograms: SH,
spherically symmetric, case},
journal={Geophys. Res. Lett.},
year=1994,
volume=21,
pages={533--536},
}

@ARTICLE{cummins&al94b,
citekey={cummins&al94b},
author={P. R. Cummins and R. J. Geller and N. Takeuchi},
title={DSM complete synythetic seismograms: P-SV,
spherically symmetric, case},
journal={Geophys. Res. Lett.},
year=1994,
volume=21,
pages={1633--1666},
}

@ARTICLE{dahlen68,
citekey={dahlen68},
author={F. A. Dahlen},
title={The normal modes of a rotating, elliptical Earth},
journal={Geophys. J. Roy. Astron. Soc.},
year=1968,
volume=16,
pages={329--367},
}

@ARTICLE{dahlen69,
citekey={dahlen69},
author={F. A. Dahlen},
title={The normal modes of a rotating, elliptical
Earth---II.\ Near-resonance multiplet coupling},
journal={Geophys. J. Roy. Astron. Soc.},
year=1969,
volume=18,
pages={397--436},
}

@ARTICLE{dahlen72,
citekey={dahlen72},
author={F. A. Dahlen},
title={Elastic dislocation theory for a self-gravitating elastic
configuration with an initial static stress field},
journal={Geophys. J. Roy. Astron. Soc.},
year=1972,
volume=28,
pages={357--383},
}

@ARTICLE{dahlen73,
citekey={dahlen73},
author={F. A. Dahlen},
title={Elastic dislocation theory for a self-gravitating elastic
configuration with an initial static stress field---II.\ Energy release},
journal={Geophys. J. Roy. Astron. Soc.},
year=1973,
volume=31,
pages={469--484},
}

@ARTICLE{dahlen76,
citekey={dahlen76},
author={F. A. Dahlen},
title={Reply to Comments by A. M. Dziewonski and R. V. Sailor
on `The correction of great circular phase velocity measurements
for the rotation and ellipticity of the Earth'},
journal={J. Geophys. Res.},
year=1976,
volume=81,
pages={4951--4956},
}

@ARTICLE{dahlen77,
citekey={dahlen77},
author={F. A. Dahlen},
title={The balance of energy in earthquake faulting},
journal={Geophys. J. Roy. Astron. Soc.},
year=1977,
volume=48,
pages={239--261},
}

@ARTICLE{dahlen78,
citekey={dahlen78},
author={F. A. Dahlen},
title={Excitation of the normal modes of a rotating Earth
by an earthquake fault},
journal={Geophys. J. Roy. Astron. Soc.},
year=1978,
volume=54,
pages={1--9},
}

@ARTICLE{dahlen79,
citekey={dahlen79},
author={F. A. Dahlen},
title={The spectra of unresolved split normal mode multiplets},
journal={Geophys. J. Roy. Astron. Soc.},
year={1979a},
volume=58,
pages={1--33},
}

@ARTICLE{dahlen79b,
citekey={dahlen79b},
author={F. A. Dahlen},
title={Exact and asymptotic synthetic multiplet spectra
on an ellipsoidal Earth},
journal={Geophys. J. Roy. Astron. Soc.},
year={1979b},
volume=59,
pages={19--42},
}

@ARTICLE{dahlen80,
citekey={dahlen80},
author={F. A. Dahlen},
title={Addendum to `Excitation of the normal modes of a rotating Earth
by an earthquake fault'},
journal={Geophys. J. Roy. Astron. Soc.},
year={1980b},
volume=62,
pages={719--721},
}

@ARTICLE{dahlen81,
citekey={dahlen81},
author={F. A. Dahlen},
title={The free oscillations of an aspherical anelastic Earth},
journal={Geophys. J. Roy. Astron. Soc.},
year=1981,
volume=66,
pages={1--22},
}

@ARTICLE{dahlen82,
citekey={dahlen82},
author={F. A. Dahlen},
title={The effect of data windows on the estimation of free
oscillation parameters},
journal={Geophys. J. Roy. Astron. Soc.},
year=1982,
volume=69,
pages={537--549},
}

@ARTICLE{dahlen87,
citekey={dahlen87},
author={F. A. Dahlen},
title={Multiplet coupling and the calculation of
synthetic long-period seismograms},
journal={Geophys. J. Roy. Astron. Soc.},
year=1987,
volume=91,
pages={241--254},
}

@ARTICLE{dahlen93,
citekey={dahlen93},
author={F. A. Dahlen},
title={Single-force representation of shallow landslide sources},
journal={Bull. Seismol. Soc. Am.},
year=1993,
volume=83,
pages={130--143},
}

@ARTICLE{dahlen&smith75,
citekey={dahlen&smith75},
author={F. A. Dahlen and M. L. Smith},
title={The influence of rotation on the free oscillations of the Earth},
journal={Phil. Trans. Roy. Soc. Lond., Ser. A},
year=1975,
volume=279,
pages={583--627},
}

@ARTICLE{dahlen&sailor79,
citekey={dahlen&sailor79},
author={F. A. Dahlen and R. V. Sailor},
title={Rotational and elliptical splitting of the free
oscillations of the Earth},
journal={Geophys. J. Roy. Astron. Soc.},
year=1979,
volume=58,
pages={609--623},
}

@ARTICLE{davis&henson86,
citekey={davis&henson86},
author={J. P. Davis and I. H. Henson},
title={Validity of the great circle average approximation
for inversion of normal mode measurements},
journal={Geophys. J. Roy. Astron. Soc.},
year={1986},
volume=85,
pages={69--92},
}

@ARTICLE{derr69,
citekey={derr69},
author={J. S. Derr},
title={Free oscillation observations through 1978},
journal={Bull. Seismol. Soc. Am.},
year=1969,
volume=59,
pages={2079--2099},
}

@ARTICLE{defraigne97,
citekey={defraigne97},
author={P. Defraigne},
title={Geophysical model of the dynamical flattening
of the Earth in agreement with the precession constant},
journal={Geophys. J. Int.},
year=1997,
volume=130,
pages={47--56},
}

@ARTICLE{dey-sarkar&chapman78,
citekey={dey-sarkar&chapman78},
author={S. K. {Dey-Sarkar} and C. H. Chapman},
title={A simple method for the computation
of body-wave seismograms},
journal={Bull. Seismol. Soc. Am.},
year=1978,
volume=68,
pages={1577--1593},
}

@ARTICLE{dickman88,
citekey={dickman88},
author={S. R. Dickman},
title={The self-consistent dynamic pole tide in
non-global oceans},
journal={Geophys. J.},
year=1988,
volume=94,
pages={519--543},
}

@ARTICLE{dickman93,
citekey={dickman93},
author={S. R. Dickman},
title={Dynamic ocean-tide effects on Earth's rotation},
journal={Geophys. J. Int.},
year=1993,
volume=112,
pages={448--470},
}

@ARTICLE{dongarra&walker95,
citekey={dongarra&walker95},
author={J. J. Dongarra and D. W. Walker},
title={Software libraries for linear algebra computations on
high performance computers},
journal={SIAM Review},
year=1995,
volume=37,
pages={151--180},
}

@INCOLLECTION{doornbos88,
citekey={doornbos},
author={D. J. Doornbos},
title={Asphericity and ellipticity corrections},
booktitle={Seismological Algorithms: Computational
Methods and Computer Programs},
publisher={Academic Press, New York},
editor={D. J. Doornbos},
year=1988,
pages={75--85},
}

@ARTICLE{dratler&al71,
citekey={dratler&al71},
author={J. Dratler and W. E. Farrell and B. Block and F. Gilbert},
title={High-$Q$ overtone modes of the Earth},
journal={Geophys. J. Roy. Astron. Soc.},
year=1971,
volume=23,
pages={399--410},
}

@ARTICLE{durek&al93,
citekey={durek&al93},
author={J. J. Durek and M. H. Ritzwoller and J. H. Woodhouse},
title={Constraining upper mantle anelasticity using surface wave
amplitude anomalies},
journal={Geophys. J. Int.},
year=1993,
volume=114,
pages={249--272},
}

@ARTICLE{durek&ekstrom95,
citekey={durek&ekstrom95},
author={J. J. Durek and G. {Ekstr\"{o}m}},
title={Evidence of bulk attenuation in the asthenosphere
from recordings of the Bolivian earthquake},
journal={Geophys. Res. Lett.},
year=1995,
volume=22,
pages={2309--2312},
}

@ARTICLE{durek&ekstrom96,
citekey={durek&ekstrom96},
author={J. J. Durek and G. {Ekstr\"{o}m}},
title={A radial model of anelasticity consistent with
long-period surface-wave attenuation data},
journal={Bull. Seismol. Soc. Am.},
year=1996,
volume=86,
pages={144--158},
}

@ARTICLE{dyson&schutz79,
citekey={dyson&schutz79},
author={J. Dyson and B. F. Schutz},
title={Perturbations and stability of
rotating stars---I.\ Completeness of normal modes},
journal={Proc. Roy. Soc. Lond., Ser. A},
year=1979,
volume=368,
pages={389--410},
}

@ARTICLE{dziewonski&gilbert71,
citekey={dziewonski&gilbert71},
author={A. M. Dziewonski and F. Gilbert},
title={Solidity of the inner core of the Earth inferred from
normal mode observations},
journal={Nature},
year=1971,
volume=234,
pages={465--466},
}

@ARTICLE{dziewonski&gilbert72,
citekey={dziewonski&gilbert72},
author={A. M. Dziewonski and F. Gilbert},
title={Observations of normal modes from 84 recordings of the Alaskan
earthquake of 1964 March 28},
journal={Geophys. J. Roy. Astron. Soc.},
year=1972,
volume=27,
pages={393--446},
}

@ARTICLE{dziewonski&gilbert73,
citekey={dziewonski&gilbert73},
author={A. M. Dziewonski and F. Gilbert},
title={Observations of normal modes from 84 recordings of the Alaskan
earthquake of 1964 March 28---II.\ Further remarks based upon new
spheroidal overtone data},
journal={Geophys. J. Roy. Astron. Soc.},
year=1973,
volume=35,
pages={401--437},
}

@ARTICLE{dziewonski&gilbert74,
citekey={dziewonski&gilbert74},
author={A. M. Dziewonski and F. Gilbert},
title={Temporal variation of the seismic moment tensor and
the evidence of precursive compression for two deep earthquakes},
journal={Nature},
year=1974,
volume=257,
pages={185--188},
}

@ARTICLE{dziewonski&gilbert76,
author={A. M. Dziewonski and F. Gilbert},
title={The effect of small, aspherical perturbations on travel times
and a re-examination of the corrections for ellipticity},
journal={Geophys. J. Roy. Astron. Soc.},
year=1976,
volume=44,
pages={7--17},
}

@ARTICLE{dziewonski&anderson81,
citekey={dziewonski&anderson81},
author={A. M. Dziewonski and D. L. Anderson},
title={Preliminary reference Earth model},
journal={Phys. Earth Planet. Int.},
year=1981,
volume=25,
pages={297--356},
}

@ARTICLE{dziewonski&al81,
citekey={dziewonski&al81},
author={A. M. Dziewonski and T.-A. Chou and J. H. Woodhouse},
title={Determination of earthquake source parameters from waveform
data for studies of global and regional seismicity},
journal={J. Geophys. Res.},
year=1981,
volume=86,
pages={2825--2852},
}

@ARTICLE{dziewonski&woodhouse83,
citekey={dziewonski&woodhouse83},
author={A. M. Dziewonski and J. H. Woodhouse},
title={An experiment in systematic study of global
seismicity: Centroid-moment tensor solutions for 201 moderate
and large earthquakes of 1981},
journal={J. Geophys. Res.},
year=1983,
volume=88,
pages={3247--3271},
}

@ARTICLE{dziewonski&al87,
citekey={dziewonski&al87},
author={A. M. Dziewonski and G. {Ekstr\"{o}m} and J. E. Franzen
and J. H. Woodhouse},
title={Centroid-moment tensor solutions for January-March 1986},
journal={Phys. Earth Planet. Int.},
year=1987,
volume=45,
pages={1--10},
}

@BOOK{eckart60,
citekey={eckart60},
author={C. Eckart},
title={Hydrodynamics of Oceans and Atmospheres},
year=1960,
publisher={Pergamon Press, Oxford},
}

@BOOK{edmonds60,
citekey={edmonds60},
author={A. R. Edmonds},
title={Angular Momentum in Quantum Mechanics},
year=1960,
publisher={Princeton University Press, Princeton, New Jersey},
}

@ARTICLE{ekstrom89,
citekey={ekstrom89},
author={G. Ekstr\"{o}m},
title={A very broad band inversion method for the recovery
of earthquake source parameters},
journal={Tectonophysics},
year={1989},
volume={166},
pages={73--100},
}

@ARTICLE{ekstrom&dziewonski85,
citekey={ekstrom&dziewonski85},
author={G. Ekstr\"{o}m and A. M. Dziewonski},
title={Centroid-moment tensor solutions for 35 earthquakes
in western North America},
journal={Bull. Seismol. Soc. Am.},
year={1985},
volume={75},
pages={23--39},
}

@ARTICLE{ekstrom94,
citekey={ekstrom94},
author={G. Ekstr\"{o}m},
title={Anomalous earthquakes on volcano ring-fault structures},
journal={Earth Planet. Sci. Lett.},
year={1994},
volume={128},
pages={707--712},
}

@ARTICLE{ekstrom95,
citekey={ekstrom95},
author={G. Ekstr\"{o}m},
title={Calculation of static deformation following the Bolivia
earthquake by summation of the Earth's normal modes},
journal={Geophys. Res. Lett.},
year={1995},
volume={22},
pages={2289--2292},
}

@ARTICLE{ekstrom&al96,
citekey={ekstrom&al96},
author={G. Ekstr\"{o}m and J. Tromp and E. W. F. Larson},
title={Measurements and global models of surface wave propagation},
journal={J. Geophys. Res.},
year={1997},
volume={102},
pages={8137--8157},
}

@BOOK{erdelyi&al53,
citekey={erdelyi&al53},
author={A. {Erd\'{e}lyi} and W. Magnus and F. Oberhettinger
and F. G. Tricomi},
title={Higher Transcendental Functions},
year={1953},
publisher={McGraw-Hill, New York},
}

@ARTICLE{ewing&press54,
citekey={ewing&press54},
author={M. Ewing and F. Press},
title={An investigation of mantle Rayleigh waves},
journal={Bull. Seismol. Soc. Am.},
year=1954,
volume=44,
pages={127--148},
}

@BOOK{ewing&al57,
citekey={ewing&al57},
author={W. M. Ewing and W. S. Jardetzky and F. Press},
title={Elastic Waves in Layered Media},
year=1957,
publisher={McGraw-Hill, New York},
}

@ARTICLE{farra&madariaga87,
citekey={farra&madariaga87},
author={V. Farra and R. Madariaga},
title={Seismic waveform modeling in heterogeneous media
by ray perturbation theory},
journal={J. Geophys. Res.},
year=1987,
volume=92,
pages={2697--2712},
}

@ARTICLE{farra&al89,
citekey={farra&al89},
author={V. Farra and J. Virieux and R. Madariaga},
title={Ray perturbation theory for interfaces},
journal={Geophys. J. Int.},
year=1989,
volume=99,
pages={377--390},
}

@ARTICLE{forsyth75,
citekey={forsyth75},
author={D. W. Forsyth},
title={The early structural evolution and anisotropy
of the oceanic upper mantle},
journal={Geophys. J. Roy. Astron. Soc.},
year=1975,
volume=43,
pages={103--162},
}

@BOOK{freund90,
citekey={freund90},
author={L. B. Freund},
title={Dynamic Fracture Mechanics},
year=1990,
publisher={Cambridge University Press, Cambridge},
}

@ARTICLE{friederich&dalkolmo95,
citekey={friederich&dalkolmo95},
author={W. Friederich and J. Dalkolmo},
title={Complete synthetic seismograms for a spherically
symmetric earth by a numerical computation of the Green's
function in the frequency domain},
journal={Geophys. J. Int.},
year=1995,
volume=122,
pages={537--550},
}

@ARTICLE{frohlich90,
citekey={frohlich90},
author={C. Frohlich},
title={Note concerning non-double-couple source components
from slip along surfaces of revolution},
journal={J. Geophys. Res.},
year={1990},
volume={95},
pages={6861--6866},
}

@ARTICLE{gaunt29,
citekey={gaunt29},
author={J. A. Gaunt},
title={The triplets of helium},
journal={Phil. Trans. Roy. Soc. Lond.},
year={1929},
volume={228},
pages={151--196},
}

@BOOK{garbow&al77,
citekey={garbow&al77},
author={B. Garbow and J. Boyle and J. Dongarra and C. Moler},
title={Matrix Eigensystem Routines---EISPACK Guide Extension},
series={Lecture Notes in Computer Science},
year=1977,
publisher={Springer-Verlag, New York},
}

@ARTICLE{gelfand&shapiro56,
citekey={gelfand&shapiro56},
author={I. M. Gelfand and Z. Y. Shapiro},
title={Representations of the group of rotations in
three-dimensional space and their applications},
journal={Am. Math. Soc. Transl.},
year=1956,
volume=2,
pages={207--316},
}

@ARTICLE{geller88a,
citekey={geller88a},
author={R. J. Geller},
title={Elastodynamics in a laterally heterogeneous,
self-gravitating body},
journal={Geophys. J.},
year={1988a},
volume=94,
pages={271--283},
}

@ARTICLE{geller88b,
citekey={geller88b},
author={R. J. Geller},
title={On the derivation of the elastic equation of motion},
journal={J. Phys. Earth},
year={1988b},
volume=36,
pages={201--228},
}

@ARTICLE{geller&stein79,
citekey={geller&stein79},
author={R. J. Geller and S. Stein},
title={Time domain attenuation measurements for fundamental
spheroidal modes (${}_0{\rm S}_6$--${}_0{\rm S}_{28}$)
for the 1977 Indonesian earthquake},
journal={Bull. Seismol. Soc. Am.},
year=1979,
volume=169,
pages={1671--1691},
}

@ARTICLE{geller&al90,
citekey={geller&al90},
author={R. J. Geller and T. Hara and S. Tsuboi},
title={On the equivalence of two methods for computing partial
derivatives of seismic waveforms},
journal={Geophys. J. Int.},
year=1990,
volume=100,
pages={153--156},
}

@ARTICLE{geller&hara93,
citekey={geller&hara93},
author={R. J. Geller and T. Hara},
title={Two efficient algorithms for iterative linearized
inversion of seismic waveform data},
journal={Geophys. J. Int.},
year=1993,
volume=115,
pages={695--710},
}

@ARTICLE{giardini&al87,
citekey={giardini&al87},
author={D. Giardini and X.-D. Li and J. H. Woodhouse},
title={Three-dimensional structure of the Earth from splitting in
free oscillation spectra},
journal={Nature},
year=1987,
volume=325,
pages={405-411},
}

@ARTICLE{giardini&al88,
citekey={giardini&al88},
author={D. Giardini and X.-D. Li and J. H. Woodhouse},
title={Splitting functions of long-period normal modes of the Earth},
journal={J. Geophys. Res.},
year=1988,
volume=93,
pages={13716--13742},
}

@BOOK{gibbs01,
citekey={gibbs01},
author={J. W. Gibbs},
title={Vector Analysis},
year=1901,
publisher={Charles Scribner's Sons, New York},
note={transcribed by E. B. Wilson,
reprinted in 1960 by Dover Publications, New York},
}

@ARTICLE{gilbert67,
citekey={gilbert67},
author={F. Gilbert},
title={Gravitationally perturbed elastic waves},
journal={Bull. Seismol. Soc. Am.},
year=1967,
volume=57,
pages={783--794},
}

@ARTICLE{gilbert70,
citekey={gilbert70},
author={F. Gilbert},
title={Excitation of the normal modes of the Earth by earthquake sources},
journal={Geophys. J. Roy. Astron. Soc.},
year=1970,
volume=22,
pages={223--226},
}

@ARTICLE{gilbert71a,
citekey={gilbert71a},
author={F. Gilbert},
title={The diagonal sum rule and averaged eigenfrequencies},
journal={Geophys. J. Roy. Astron. Soc.},
year={1971a},
volume=23,
pages={119--123},
}

@ARTICLE{gilbert71b,
citekey={gilbert71b},
author={F. Gilbert},
title={Ranking and winnowing gross Earth data for
inversion and resolution},
journal={Geophys. J. Roy. Astron. Soc.},
year={1971b},
volume=23,
pages={125--128},
}

@ARTICLE{gilbert73,
citekey={gilbert73},
author={F. Gilbert},
title={Derivation of source parameters from low-frequency spectra},
journal={Phil. Trans. Roy. Soc. Lond., Ser. A},
year=1973,
volume=274,
pages={369--371},
}

@ARTICLE{gilbert76a,
citekey={gilbert76a},
author={F. Gilbert},
title={The representation of seismic displacements
in terms of travelling waves},
journal={Geophys. J. Roy. Astron. Soc.},
year={1976a},
volume=44,
pages={275--280},
}

@ARTICLE{gilbert76b,
citekey={gilbert76b},
author={F. Gilbert},
title={Differential kernels for group velocity},
journal={Geophys. J. Roy. Astron. Soc.},
year={1976b},
volume=44,
pages={649--660},
}

@INPROCEEDINGS{gilbert80,
citekey={gilbert80},
author={F. Gilbert},
title={An Introduction to Low-Frequency Seismology},
booktitle={Fisica dell'interno della Terra, Rendiconti della
Scuola Internazionale di Fisica ``Enrico Fermi'', LXXVII Corso},
address={Varenna, Italy},
publisher={North-Holland, Amsterdam},
editor={A. M. Dziewonski and E. Boschi},
year=1980,
pages={41--81},
}

@ARTICLE{gilbert94,
citekey={gilbert94},
author={F. Gilbert},
title={Splitting of the free-oscillation multiplets by steady
flow},
journal={Geophys. J. Int.},
year=1994,
volume=116,
pages={227--229},
}

@ARTICLE{gilbert&macdonald60,
citekey={gilbert&macdonald60},
author={F. Gilbert and G. J. F. MacDonald},
title={Free oscillations of the Earth---I.\ Toroidal oscillations},
journal={J. Geophys. Res.},
year=1960,
volume=65,
pages={675--693},
}

@ARTICLE{gilbert&buland76,
citekey={gilbert&buland76},
author={F. Gilbert and R. Buland},
title={An enhanced deconvolution procedure for retrieving
the seismic moment tensor from a sparse network},
journal={Geophys. J. Roy. Astron. Soc.},
year=1976,
volume=50,
pages={251-255},
}

@ARTICLE{gilbert&backus66,
citekey={gilbert&backus66},
author={F. Gilbert and G. E. Backus},
title={Propagator matrices in elastic wave and vibration problems},
journal={Geophysics},
year=1966,
volume=31,
pages={326--333},
}

@INPROCEEDINGS{gilbert&backus69,
citekey={gilbert&backus69},
author={F. Gilbert and G. E. Backus},
title={A computational problem encountered in a study
of the Earth's normal modes},
booktitle={Proc. Fall Joint Comp. Conf., {\em Am. Fed. Inf. Proc. Soc.}},
year=1969,
pages={1273--1277},
}

@ARTICLE{gilbert&dziewonski75,
citekey={gilbert&dziewonski75},
author={F. Gilbert and A. M. Dziewonski},
title={An application of normal mode theory to the retrieval
of structural parameters and source mechanisms from seismic spectra},
journal={Phil. Trans. Roy. Soc. Lond., Ser. A},
year=1975,
volume=278,
pages={187--269},
}

@BOOK{goldstein80,
citekey={goldstein80},
author={H. Goldstein},
title={Classical Mechanics},
year=1980,
publisher={Addison-Wesley, Reading, Massachusetts},
}

@ARTICLE{gomberg&masters88,
citekey={gomberg&masters886},
author={J. S. Gomberg and T. G. Masters},
title={Waveform modelling using locked-mode synthetic and
differential seismograms: application to determination of the
structure of Mexico},
journal={Geophys. J. Int.},
year=1988,
volume=94,
pages={193--218},
}

@BOOK{gross53,
citekey={gross53},
author={B. Gross},
title={Mathematical Structure of the Theories
of Viscoelasticity},
year=1953,
publisher={Hermann, Paris},
}

@ARTICLE{gutenberg24,
citekey={gutenberg24},
author={B. Gutenberg},
title={Dispersion und Extinktion von seismischen Oberfl\"{a}ch\-enwellen
und der Aufbau der obersten Erdschichten},
journal={Physik. Zeitschrift.},
year=1924,
volume=25,
pages={377--381},
}

@ARTICLE{gutenberg&richter34,
citekey={gutenberg&richter34},
author={B. Gutenberg and C. F. Richter},
title={On seismic waves (Part I)},
journal={Gerlands Beitr. Geophys.},
year=1934,
volume=43,
pages={56--133},
}

@BOOK{gutzwiller90,
citekey={gutzwiller90},
author={M. C. Gutzwiller},
title={Chaos in Classical and Quantum Mechanics},
year=1990,
publisher={Springer-Verlag, New York},
}

@BOOK{halmos58,
citekey={halmos58},
author={P. R. Halmos},
title={Finite-Dimensional Vector Spaces},
year=1958,
publisher={Van Nostrand, New York},
}

@ARTICLE{hara&al95,
citekey={hara&al95},
author={T. Hara and K. Kuge and H. Kawakatsu},
title={Determination of the isotropic component of the 1994 Bolivia
deep earthquake},
journal={Geophys. Res. Lett.},
year=1995,
volume=22,
pages={2265--2268},
}

@ARTICLE{hara&al96,
citekey={hara&al96},
author={T. Hara and K. Kuge and H. Kawakatsu},
title={Determination of the isotropic component of deep-focus
earthquakes by inversion of normal-mode data},
journal={Geophys. J. Int.},
year=1996,
volume=127,
pages={515--528},
}

@ARTICLE{harris78,
citekey={harris78},
author={F. J. Harris},
title={On the use of windows for harmonic analysis
with the discrete Fourier transform},
journal={Proc. IEEE},
year=1978,
volume=66,
pages={51--83},
}

@ARTICLE{haskell64,
citekey={haskell64},
author={N. A. Haskell},
title={Radiation pattern of surface waves from point sources
in a layered medium},
journal={Bull. Seismol. Soc. Am.},
year=1964,
volume=54,
pages={377--393},
}

@ARTICLE{hayes73,
citekey={hayes73},
author={W. D. Hayes},
title={Group velocity and nonlinear dispersive wave propagation},
journal={Proc. Roy. Soc. Lond., Ser. A},
year=1973,
volume=332,
pages={199--221},
}

@ARTICLE{he&tromp96,
citekey={he&tromp96},
author={X. He and J. Tromp},
title={Normal-mode constraints on the structure of the Earth},
journal={J. Geophys. Res.},
year=1996,
volume=87,
pages={7772--7778},
}

@ARTICLE{heinz&al82,
citekey={heinz&al82},
author={D. Heinz and R. Jeanloz and R. J. O'Connell},
title={Bulk attenuation in a polycrystalline Earth},
journal={J. Geophys. Res.},
year=1982,
volume=87,
pages={7772--7778},
}

@ARTICLE{henriksen60,
citekey={henriksen60},
author={S. W. Henriksen},
title={The hydrostatic flattening of the Earth},
journal={Ann. Int. Geophys. Year},
year=1960,
volume=12,
pages={197--198},
}

@ARTICLE{henson89,
citekey={henson89},
author={I. H. Henson},
title={Multiplet coupling of the normal modes of an
elliptical, transversely isotropic earth},
journal={Geophys. J.},
year=1989,
volume=98,
pages={457--459},
}

@BOOK{horn&johnson85,
citekey={horn&johnson85},
author={R. A. Horn and C. A. Johnson},
title={Matrix Analysis},
year=1985,
publisher={Cambridge University Press, Cambridge},
}

@ARTICLE{hoskins20,
citekey={hoskins20},
author={L. M. Hoskins},
title={The strain of a gravitating sphere of variable density
and elasticity},
journal={Trans. Am. Math. Soc.},
year=1920,
volume=21,
pages={1--43},
}

@ARTICLE{ihmle&jordan95,
citekey={ihmle&jordan95},
author={P. F. {Ihml\'{e}} and T. H. Jordan},
title={Source time function of the great 1994 Bolivia
deep earthquake by waveform and spectral inversions},
journal={Geophys. Res. Lett.},
year=1995,
volume=22,
pages={2253--2256},
}

@ARTICLE{jackson72,
citekey={jackson72},
author={D. D. Jackson},
title={Interpretation of inaccurate, insufficient and inconsistent data},
journal={Geophys. J. Roy. Astron. Soc.},
year=1972,
volume=28,
pages={97--110},
}

@ARTICLE{jaerisch80,
citekey={jaerisch80},
author={P. Jaerisch},
title={\"{U}ber der elastischen Schwingungen einer isotropen Kugel},
journal={Crelle, J. Reine Angew. Math.},
year=1880,
volume=88,
pages={131--145},
}

@ARTICLE{jeans03,
citekey={jeans03},
author={J. H. Jeans},
title={On the vibrations and stability of a gravitating planet},
journal={Phil. Trans. Roy. Soc. Lond., Ser. A},
year=1903,
volume=27,
pages={157--184},
}

@ARTICLE{jeans23,
citekey={jeans23},
author={J. H. Jeans},
title={The propagation of earthquake waves},
journal={Proc. Roy. Soc. Lond., Ser. A},
year=1927,
volume=102,
pages={554--574},
}

@ARTICLE{jeffreys35,
citekey={jeffreys35},
author={H. Jeffreys},
title={The surface waves of earthquakes},
journal={Mon. Not. Roy. Astron. Soc., Geophys. Suppl.},
year=1935,
volume=3,
pages={253--261},
}

@ARTICLE{jeffreys58a,
citekey={jeffreys58a},
author={H. Jeffreys},
title={A modification of Lomnitz's law of creep in rocks},
journal={Geophys. J. Roy. Astron. Soc.},
year={1958a},
volume=1,
pages={92--95},
}

@ARTICLE{jeffreys58b,
citekey={jeffreys58b},
author={H. Jeffreys},
title={Rock creep, tidal friction and the moon's ellipticities},
journal={Mon. Not. Roy. Astron. Soc.},
year={1958b},
volume=118,
pages={14--17},
}

@ARTICLE{jeffreys61,
citekey={jeffreys61},
author={H. Jeffreys},
title={Small corrections in the theory of surface waves},
journal={Geophys. J. Roy. Astron. Soc.},
year=1961,
volume=6,
pages={115--117},
}

@ARTICLE{jeffreys63,
citekey={jeffreys63},
author={H. Jeffreys},
title={On the hydrostatic theory of the figure of the Earth},
journal={Geophys. J. Roy. Astron. Soc.},
year=1963,
volume=8,
pages={196--202},
}

@ARTICLE{jiao&al95,
citekey={jiao&al95},
author={W. Jiao and T. C. Wallace and S. L. Beck
and P. G. Silver and G. Zandt},
title={Evidence for static displacements from the
June 9, 1994 deep Bolivian earthquake},
journal={Geophys. Res. Lett.},
year=1995,
volume=16,
pages={2285--2288},
}

@ARTICLE{jobert56,
citekey={jobert56},
author={N. Jobert},
title={\'{E}valuation de la p\'{e}riode d'oscillation d'une
sph\`{e}re h\'{e}t\'{e}rog\`{e}ne, par application du principe
de Rayleigh},
journal={Comptes Rendus Acad. Sci. Paris},
year=1956,
volume=243,
pages={1230--1232},
}

@ARTICLE{jobert57,
citekey={jobert57},
author={N. Jobert},
title={Sur la p\'{e}riode propre des oscillations
sph\'{e}ro\"{\i}dales de la Terre},
journal={Comptes Rendus Acad. Sci. Paris},
year=1957,
volume=244,
pages={921-922},
}

@ARTICLE{jobert61,
citekey={jobert61},
author={N. Jobert},
title={Calcul approch\'{e} de la p\'{e}riode des oscillations
sph\'{e}ro\"{\i}dales de la Terre},
journal={Geophys. J. Roy. Astron. Soc.},
year=1961,
volume=4,
pages={242--258},
}

@INCOLLECTION{jobert&jobert87,
citekey={jobert&jobert87},
author={N. Jobert and G. Jobert},
title={Ray tracing for surface waves},
booktitle={Seismic Tomography, with Applications in
Global Seismology and Exploration Geophysics},
publisher={Reidel, Dordrecht},
editor={G. Nolet},
year=1987,
pages={275--300},
}

@ARTICLE{jordan78,
citekey={jordan78},
author={T. H. Jordan},
title={A procedure for estimating lateral variations
from low-frequency eigenspectra data},
journal={Geophys. J. Roy. Astron. Soc.},
year=1978,
volume=52,
pages={441--455},
}

@ARTICLE{julian&anderson68,
citekey={julian&anderson68},
author={B. R. Julian and D. L. Anderson},
title={Travel times, apparent velocities and amplitudes of body waves},
journal={Bull. Seismol. Soc. Am.},
year=1968,
volume=58,
pages={339--366},
}

@ARTICLE{julian&gubbins77,
citekey={julian&gubbins77},
author={B. R. Julian and D. Gubbins},
title={Three-dimensional seismic ray tracing},
journal={J. Geophys.},
year=1977,
volume=43,
pages={95--113},
}

@ARTICLE{kanamori70,
citekey={kanamori70},
author={H. Kanamori},
title={Velocity and $Q$ of mantle waves},
journal={Phys. Earth Planet. Int.},
year=1970,
volume=2,
pages={259--275},
}

@ARTICLE{kanamori76,
citekey={kanamori76},
author={H. Kanamori},
title={Re-examination of the Earth's free oscillations excited by
the Kamchatka earthquake of November 4, 1952},
journal={Phys. Earth Planet. Int.},
year=1976,
volume=11,
pages={216--226},
}

@ARTICLE{kanamori77,
citekey={kanamori77},
author={H. Kanamori},
title={The energy release in great earthquakes},
journal={J. Geophys. Res.},
year={1977},
volume={82},
pages={2981--2987},
}

@ARTICLE{kanamori&anderson75,
citekey={kanamori&anderson75},
author={H. Kanamori and D. L. Anderson},
title={Theoretical basis of some empirical relations
in seismology},
journal={Bull. Seismol. Soc. Am.},
year=1975,
volume=165,
pages={1073--1095},
}

@ARTICLE{kanamori&anderson77,
citekey={kanamori&anderson77},
author={H. Kanamori and D. L. Anderson},
title={Importance of physical dispersion in surface wave
and free oscillation problems: Review},
journal={Rev. Geophys. Space Phys.},
year={1977},
volume={15},
pages={105--112},
}

@ARTICLE{kanamori&given82,
citekey={kanamori&given82},
author={H. Kanamori and J. W. Given},
title={Analysis of long-period seismic waves excited by the
May 18, 1980 eruption of Mt. St. Helens: a terrestrial monopole?},
journal={J. Geophys. Res.},
year=1982,
volume=87,
pages={5422--5432},
}

@ARTICLE{karato&spetzler90,
citekey={karato&spetzler90},
author={S. Karato and H. A. Spetzler},
title={Defect microdynamics in crystals and solid-state
mechanisms of seismic wave attenuation and velocity dispersion
in the mantle},
journal={Rev. Geophys.},
year=1990,
volume=29,
pages={399--421},
}

@ARTICLE{karato93,
citekey={karato93},
author={S. Karato},
title={Importance of anelasticity in the interpretation
of seismic tomography},
journal={Geophys. Res. Lett.},
year=1993,
volume=20,
pages={1623--1626},
}

@ARTICLE{kawakatsu91,
citekey={kawakatsu91},
author={H. Kawakatsu},
title={Insignificant isotropic component in the moment
tensor of deep earthquakes},
journal={Nature},
year=1991,
volume=351,
pages={50--53},
}

@ARTICLE{kawakatsu96,
citekey={kawakatsu96},
author={H. Kawakatsu},
title={Observability of the isotropic component of a moment
tensor},
journal={Geophys. J. Int.},
year=1996,
volume=126,
pages={525--544},
}

@BOOK{keilis-borok89,
citekey={keilis-borok89},
author={V. L. Keilis-Borok and A. L. Levshin and T. B. Yanovskaya
and A. V. Lander and B. G. Bukchin and M. P. Barmin and L. I. Ratnikova
and E. N. Its},
title={Seismic Surface Waves in a Laterally Inhomogenous Earth},
year=1989,
publisher={Kluwer, Dordrecht},
}

@ARTICLE{keller58,
citekey={keller58},
author={J. B. Keller},
title={Corrected Bohr-Sommerfeld quantum conditions
for nonseparable systems},
journal={Ann. Phys. New York},
year=1958,
volume=4,
pages={180--188},
}

@ARTICLE{keller&rubinow60,
citekey={keller&rubinow60},
author={J. B. Keller and S. I. Rubinow},
title={Asymptotic solution of eigenvalue problems},
journal={Ann. Phys. New York},
year=1960,
volume=9,
pages={24--75},
}

@BOOK{kellogg67,
citekey={kellogg67},
author={O. D. Kellogg},
title={Foundations of Potential Theory},
year=1967,
publisher={Springer-Verlag, New York},
}

@ARTICLE{kelvin63a,
citekey={kelvin63a},
author={W. Thomson},
title={On the rigidity of the Earth},
journal={Phil. Trans. Roy. Soc. Lond.},
year={1863a},
volume=153,
pages={573--582},
}

@ARTICLE{kelvin63b,
citekey={kelvin63b},
author={W. Thomson},
title={Dynamical problems regarding elastic spheroidal shells
and spheroids of incompressible liquid},
journal={Phil. Trans. Roy. Soc. Lond.},
year={1863b},
volume=153,
pages={583--616},
}

@ARTICLE{kendall&al92,
citekey={kendall&al92},
author={J.-M. Kendall and W. S. Guest and C. J. Thomson},
title={Ray-theory Green's function reciprocity and ray-centered
coordinates in anisotropic media},
journal={Geophys. J. Int.},
year={1992},
volume={108},
pages={364--371},
}

@BOOK{kennett83,
citekey={kennett83},
author={B. L. N. Kennett},
title={Seismic Wave Propagation in Stratified Media},
year=1983,
publisher={Cambridge University Press, Cambridge},
}

@BOOK{kennett91,
citekey={kennett91},
author={B. L. N. Kennett},
title={IASPEI 1991 Seismological Tables},
year=1991,
publisher={Research School of Earth Sciences,
Australian National University, Canberra},
}

@ARTICLE{kennett&gudmundsson96,
citekey={kennett&gudmundsson96},
author={B. L. N. Kennett and O. Gudmundsson},
title={Ellipticity corrections for seismic phases},
journal={Geophys. J. Int.},
year=1996,
volume=127,
pages={40--48},
}

@ARTICLE{kennett&al78,
citekey={kennett&al78},
author={B. L. N. Kennett and N. J. Kerry and J. H. Woodhouse},
title={Symmetries in the reflection and transmission of elastic waves},
journal={Geophys. J. Roy. Astron. Soc.},
year=1978,
volume=52,
pages={215--229},
}

@ARTICLE{kjartansson79,
citekey={kjartansson79},
author={E. Kjartansson},
title={Constant Q-wave propagation and attenuation},
journal={J. Geophys. Res.},
year=1979,
volume=84,
pages={4737--4748},
}

@ARTICLE{kikuchi&kanamori94,
citekey={kikuchi&kanamori94},
author={M. Kikuchi and H. Kanamori},
title={The mechanism of the deep Bolivia
earthquake of June 9, 1994},
journal={Geophys. Res. Lett.},
year=1994,
volume=21,
pages={2341--2344},
}

@ARTICLE{kinoshita77,
citekey={kinoshita77},
author={H. Kinoshita},
title={Theory of the rotation of the rigid Earth},
journal={Celest. Mech.},
year=1977,
volume=15,
pages={277--326},
}

@ARTICLE{kinoshita&al79,
citekey={kinoshita&al79},
author={H. Kinoshita and K. Nakajima and Y. Kubo and
I. Nakagawa and T. Sasao and K. Yokoyama},
title={Note on nutation in ephemerides},
journal={Publ. Int. Latit. Obs. Mizusawa},
year=1979,
volume=12,
pages={71--108},
}

@BOOK{kline&kay79,
citekey={kline&kay79},
author={M. Kline and I. W. Kay},
title={Electromagnetic Theory and Geometrical Optics},
year=1979,
publisher={Krieger, New York},
}

@ARTICLE{knopoff&randall70,
citekey={knopoff&randall70},
author={L. Knopoff and M. J. Randall},
title={The compensated linear vector dipole: A possible
mechanism for deep-focus earthquakes},
journal={J. Geophys. Res.},
year={1970},
volume={75},
pages={4957--4963},
}

@ARTICLE{kostrov70,
citekey={kostrov70},
author={B. V. Kostrov},
title={The theory of the focus for tectonic earthquakes},
journal={Izv., Bull. Akad. Sci. USSR, Phys. Solid Earth},
year=1970,
volume=4,
pages={84--101},
}

@ARTICLE{kostrov74,
citekey={kostrov74},
author={B. V. Kostrov},
title={Seismic moment and energy of earthquakes,
and seismic flow of rock},
journal={Izv., Bull. Akad. Sci. USSR, Phys. Solid Earth},
year=1974,
volume=1,
pages={23--40},
}

@BOOK{kostrov&das88,
citekey={kostrov&das88},
author={B. V. Kostrov and S. Das},
title={Principles of Earthquake Source Mechanics},
year=1988,
publisher={Cambridge University Press, Cambridge},
}

@BOOK{kravtsov&orlov90,
citekey={kravtsov&orlov90},
author={Yu. A. Kravtsov and Yu. I. Orlov},
title={Geometrical Optics of Inhomogeneous Media},
year=1990,
publisher={Springer-Verlag, New York},
}

@ARTICLE{kuge&lay94,
citekey={kuge&lay94},
author={K. Kuge and T. Lay},
title={Systematic non-double-couple components of earthquake
mechanisms: The role of fault zone irregularity},
journal={J. Geophys. Res.},
year={1994},
volume={99},
pages={15457--15467},
}

@ARTICLE{lamb82,
citekey={lamb82},
author={H. Lamb},
title={On the vibrations of an elastic sphere},
journal={Proc. Lond. Math. Soc.},
year=1882,
volume=13,
pages={189--212},
}

@BOOK{lamb32,
citekey={lamb32},
author={H. Lamb},
title={Hydrodynamics},
year={1932},
publisher={Cambridge University Press, Cambridge},
note={reprinted in 1945 by Dover Publications, New York},
}

@BOOK{lambeck88,
citekey={lambeck88},
author={K. Lambeck},
title={Geophysical Geodesy},
year={1988},
publisher={Oxford University Press, Oxford},
}

@BOOK{lanczos62,
citekey={lanczos62},
author={C. Lanczos},
title={The Variational Principles of Mechanics},
year=1962,
publisher={University of Toronto Press, Toronto},
}

@BOOK{landau&lifshitz65,
citekey={landau&lifshitz65},
author={L. D. Landau and E. M. Lifshitz},
title={Quantum Mechanics: Non-Relativistic Theory},
year=1965,
publisher={Pergamon Press, Oxford},
}

@BOOK{landau&lifshitz71,
citekey={landau&lifshitz71},
author={L. D. Landau and E. M. Lifshitz},
title={The Classical Theory of Fields},
year=1971,
publisher={Pergamon Press, Oxford},
}

@BOOK{lapwood&usami81,
citekey={lapwood&usami81},
author={E. R. Lapwood and T. Usami},
title={Free Oscillations of the Earth},
year=1981,
publisher={Cambridge University Press, Cambridge},
}

@ARTICLE{laske&masters96,
citekey={laske&masters96},
author={G. Laske and G. Masters},
title={Constraints on global phase velocity
maps from long-period polarization data},
journal={J. Geophys. Res.},
year=1996,
volume=101,
pages={16059--16075},
}

@ARTICLE{lay&kanamori85,
citekey={lay&kanamori85},
author={T. Lay and H. Kanamori},
title={Geometrical effects of global lateral heterogeneity
on long-period surface wave propagation},
journal={J. Geophys. Res.},
year=1985,
volume=90,
pages={605--621},
}

@ARTICLE{lebedev&al97,
citekey={lebedev&al97},
author={S. Lebedev and G. Nolet and R. D. {Van der Hilst}},
title={The upper mantle beneath the Philippine Sea region
from waveform inversions},
journal={Geophys. Res. Lett.},
year=1997,
volume=24,
pages={1851--1854},
}

@ARTICLE{ledoux51,
citekey={ledoux51},
author={P. Ledoux},
title={The non-radial oscillations of gaseous stars and the
problem of Beta Canis Majoris},
journal={Astrophys. J.},
year=1951,
volume=114,
pages={373--384},
}

@ARTICLE{levshin81,
citekey={levshin81},
author={A. L. Levshin},
title={The relation between P and S travel times,
phase velocities of higher Rayleigh waves,
and frequencies of spheroidal oscillations
in a radially inhomogeneous earth},
journal={Computational Seismology},
year=1981,
volume=13,
pages={103--109},
publisher={Allerton Press, New York},
}

@ARTICLE{li&al91,
citekey={li&al91},
author={X.-D. Li and D. Giardini and J. H. Woodhouse},
title={Large-scale three-dimensional even-degree
structure of the Earth from splitting of long-period normal modes},
journal={J. Geophys. Res.},
year={1991a},
volume=96,
pages={551--557},
}

@ARTICLE{li&tanimoto93,
citekey={li&tanimoto93},
author={X.-D. Li and T. Tanimoto},
title={Waveforms of long-period body waves in a
slightly aspherical Earth model},
journal={Geophys. J. Int.},
year=1993,
volume=112,
pages={92--102},
}

@ARTICLE{li&romanowicz95,
citekey={li&romanowicz95},
author={X.-D. Li and B. Romanowicz},
title={Comparison of global waveform inversions
with and without considering cross-branch modal coupling},
journal={Geophys. J. Int.},
year=1995,
volume=121,
pages={695--709},
}

@ARTICLE{li&romanowicz96,
citekey={li&romanowicz96},
author={X.-D. Li and B. Romanowicz},
title={Global mantle shear-velocity model developed using
nonlinear asymptotic coupling theory},
journal={J. Geophys. Res.},
year=1996,
volume=101,
pages={22245--22272},
}

@ARTICLE{libbrecht85,
citekey={libbrecht85},
author={K. G. Libbrecht},
title={Practical considerations for the generation
of large order spherical harmonics},
journal={Solar Physics},
year={1985},
volume={99},
pages={371--373},
}

@BOOK{lighthill78,
citekey={lighthill78},
author={J. Lighthill},
title={Waves in Fluids},
year=1978,
publisher={Cambridge University Press, Cambridge},
}

@ARTICLE{liu&al76,
citekey={liu&al76},
author={H.-P. Liu and D. L. Anderson and H. Kanamori},
title={Velocity dispersion due to anelasticity;
implications for seismology and mantle composition},
journal={Geophys. J. Roy. Astron. Soc.},
year=1976,
volume=47,
pages={41--58},
}

@ARTICLE{liu&tromp96,
citekey={liu&tromp96},
author={X.-F. Liu and J. Tromp},
title={Uniformly valid body-wave theory},
journal={Geophys J. Int.},
year=1996,
volume={127},
pages={461--491},
}

@INCOLLECTION{liu&dziewonski96,
citekey={liu&dziewonski96},
author={A. M. Dziewonski and X.-F. Liu and W.-J. Su},
title={Lateral heterogeneity in the lowermost mantle},
booktitle={Earth's Deep Interior},
publisher={Gordon and Breach, Amsterdam},
editor={D.J. Crossley},
year=1997,
pages={11--50},
}

@ARTICLE{lomnitz56,
citekey={lomnitz56},
author={C. Lomnitz},
title={Creep measurements in igneous rocks},
journal={J. Geol.},
year=1956,
volume=64,
pages={473--479},
}

@ARTICLE{lomnitz57,
citekey={lomnitz57},
author={C. Lomnitz},
title={Linear dissipation in solids},
journal={J. Appl. Phys.},
year=1957,
volume=28,
pages={201--205},
}

@ARTICLE{lognonne91,
citekey={lognonne91},
author={P. {Lognonn\'{e}}},
title={Normal modes and seismograms in an anelastic rotating Earth},
journal={J. Geophys. Res.},
year=1991,
volume=96,
pages={365--395},
}

@ARTICLE{lognonne&romanowicz90,
citekey={lognonne&romanowicz90},
author={P. {Lognonn\'{e}} and B. Romanowicz},
title={Fully coupled Earth's vibrations: The spectral method},
journal={Geophys. J. Int.},
year=1990,
volume=102,
pages={20309--20319},
}

@ARTICLE{love07,
citekey={love07},
author={A. E. H. Love},
title={The gravitational stability of the Earth},
journal={Phil. Trans. Roy. Soc. Lond., Ser. A},
year=1907,
volume=207,
pages={171--241},
}

@ARTICLE{love09,
citekey={love09},
author={A. E. H. Love},
title={The yielding of the Earth to disturbing forces},
journal={Proc. Roy. Soc. Lond., Ser. A},
year=1909,
volume=82,
pages={73--88},
}

@BOOK{love11,
citekey={love11},
author={A. E. H. Love},
title={Some Problems of Geodynamics},
year=1911,
publisher={Cambridge University Press, Cambridge},
note={reprinted in 1967 by Dover Publications, New York},
}

@BOOK{love27,
citekey={love27},
author={A. E. H. Love},
title={A Treatise on the Mathematical Theory of Elasticity},
year=1927,
publisher={Cambridge University Press, Cambridge},
note={reprinted in 1944 by Dover Publications, New York},
}

@ARTICLE{luh73,
citekey={luh73},
author={P. C. Luh},
title={Free oscillations of the laterally inhomogeneous
Earth: Quasi-degenerate multiplet coupling},
journal={Geophys. J. Roy. Astron. Soc.},
year=1973,
volume=32,
pages={187--202},
}

@BOOK{lyttleton53,
citekey={lyttleton53},
author={R. A. Lyttleton},
title={The Stability of Rotating Liquid Masses},
year=1953,
publisher={Cambridge University Press, Cambridge},
}

@ARTICLE{madariaga72,
citekey={madariaga72},
author={R. I. Madariaga},
title={Toroidal free oscillations of the laterally
heterogeneous Earth},
journal={Geophys. J. Roy. Astron. Soc.},
year=1972,
volume=27,
pages={81--100},
}

@BOOK{malvern69,
citekey={malvern69},
author={L. E. Malvern},
title={Introduction to the Mechanics of a Continuous Medium},
year=1969,
publisher={Prentice-Hall, Englewood Cliffs, New Jersey},
}

@ARTICLE{marquering&snieder95,
citekey={marquering&snieder95},
author={H. Marquering and R. Snieder},
title={Surface-wave mode coupling for efficient forward modelling
and inversion of body-wave phases},
journal={Geophys. J. Int.},
year=1995,
volume=120,
pages={186--208},
}

@ARTICLE{marquering&snieder96,
citekey={marquering&snieder96},
author={H. Marquering and R. Snieder},
title={Shear-wave velocity structure beneath Europe,
the northeastern Atlantic and western Asia from waveform
inversions including surface-wave mode coupling},
journal={Geophys. J. Int.},
year=1996,
volume=127,
pages={283--304},
}

@ARTICLE{marquering&al97,
citekey={marquering&al97},
author={H. Marquering and G. Nolet and F. A. Dahlen},
title={Three-dimensional waveform sensitivity kernels},
journal={Geophys. J. Int.},
year=1998,
volume={132},
pages={521--534},
}

@BOOK{marsden&hughes83,
citekey={marsden&hughes83},
author={J. E. Marsden and T. J. R. Hughes},
title={Mathematical Foundations of Elasticity},
year=1983,
publisher={Prentice-Hall, Englewood Cliffs, New Jersey},
}

@BOOK{maslov72,
citekey={maslov72},
author={V. P. Maslov},
title={Th\'{e}orie des Perturbations et M\'{e}thodes Asympotiques},
year=1972,
publisher={Dunod, Paris},
}

@BOOK{maslov&fedoriuk81,
citekey={maslov&fedoriuk81},
author={V. P. Maslov and M. V. Fedoriuk},
title={Semi-Classical Approximation in Quantum Mechanics},
year=1981,
publisher={Reidel, Dordrecht},
}

@ARTICLE{masters79,
citekey={masters79},
author={G. Masters},
title={Observational constraints on the chemical and thermal
structure of the Earth's interior},
journal={Geophys. J. Roy. Astron. Soc.},
year=1979,
volume=57,
pages={507--534},
}

@ARTICLE{masters&gilbert81,
citekey={masters&gilbert81},
author={G. Masters and F. Gilbert},
title={Structure of the inner core inferred
from observations of its spheroidal shear modes},
journal={Geophys. Res. Lett.},
year=1981,
volume=8,
pages={569--571},
}

@ARTICLE{masters&al82,
citekey={masters&al82},
author={G. Masters and T. H. Jordan and P. G. Silver and F. Gilbert},
title={Aspherical Earth structure from fundamental spheroidal mode data},
journal={Nature},
year=1982,
volume=298,
pages={609--613},
}

@ARTICLE{masters&gilbert83,
citekey={masters&gilbert83},
author={G. Masters and F. Gilbert},
title={Attenuation in the Earth at low frequencies},
journal={Phil. Trans. Roy. Soc. Lond., Ser. A},
year=1983,
volume=308,
pages={479--522},
}

@INPROCEEDINGS{masters&widmer95,
citekey={masters&widmer95},
author={G. Masters and R. Widmer},
title={Free oscillations: frequencies and attenuations},
booktitle={Global Earth Physics: A Handbook of Physical Constants},
publisher={American Geophysical Union, Washington, D.C.},
editor={T. J. Ahrens},
year=1995,
pages={104--125},
}

@ARTICLE{masters&al96,
citekey={masters&al96},
author={G. Masters and S. Johnson and G. Laske and H. Bolton},
title={A shear-velocity model of the mantle},
journal={Phil. Trans. Roy. Soc. Lond., Ser. A},
year=1996,
volume=354,
pages={1385--1411},
}

@ARTICLE{mccowan&dziewonski77,
citekey={mccowan&dziewonski77},
author={D. C. McCowan and A. M. Dziewonski},
title={An application of the energy-moment tensor
relation to estimation of seismic energy
by point and line sources},
journal={Geophys. J. Roy. Astron. Soc.},
year=1977,
volume=51,
pages={531--544},
}

@ARTICLE{meissner26,
citekey={meissner26},
author={E. Meissner},
title={Elastische Oberfl\"{a}chen-Querwellen},
journal={Proc. 2d Int. Congr. Appl. Mech., {\rm Z\"{u}rich}},
year=1926,
pages={3--11},
}

@ARTICLE{mendiguren73,
citekey={mendiguren73},
author={J. Mendiguren},
title={Identification of free oscillation spectral peaks
for 1970 July 31, Colombian deep shock using the excitation criterion},
journal={Geophys. J. Roy. Astron. Soc.},
year=1973,
volume=33,
pages={281--321},
}

@BOOK{menke84,
citekey={menke84},
author={W. Menke},
title={Geophysical Data Analysis: Discrete Inverse Theory},
year=1984,
publisher={Academic Press, New York},
}

@ARTICLE{michelson&gale19,
citekey={michelson&gale19},
author={A. A. Michelson and H. G. Gale},
title={The rigidity of the Earth},
journal={Astrophys. J.},
year=1919,
volume=30,
pages={330--345},
}

@ARTICLE{mie08,
citekey={mie08},
author={G. Mie},
title={{Beitr\"{a}ge} zur Optic {tr\"{u}ber} Medien,
speziell kolloidaler {Metall\"{o}sungen}},
journal={Ann. Phys.},
year={1908},
volume={25},
pages={377--445},
}

@INCOLLECTION{miller74,
citekey={miller74},
author={W. H. Miller},
title={Classical-limit quantum mechanics and the
theory of molecular collisions},
booktitle={Advances in Chemical Physics},
publisher={Wiley, New York},
editor={I. Prigogine and S. R. Rice},
volume={XXV},
year=1974,
pages={69--177},
}

@ARTICLE{minster78,
citekey={minster78},
author={J. B. Minster},
title={Transient and impulse responses of a one-dimensional linearly
attenuating medium---I. Analytical results, II---A parametric study},
journal={Geophys. J. Roy. Astron. Soc.},
year=1978,
volume=52,
pages={497--501, 503--524},
}

@INPROCEEDINGS{minster80,
citekey={minster80},
author={J. B. Minster},
title={Anelasticity and attenuation},
booktitle={Fisica dell'interno della Terra, Rendiconti della
Scuola Internazionale di Fisica ``Enrico Fermi'', {\rm LXXVII Corso}},
address={Varenna, Italy},
publisher={North-Holland, Amsterdam},
editor={A. M. Dziewonski and E. Boschi},
year=1980,
pages={152--212},
}

@BOOK{misner&al73,
citekey={misner&al73},
author={C. W. Misner and K. S. Thorne and J. A. Wheeler},
title={Gravitation},
year=1973,
publisher={W. H. Freeman, San Francisco},
}

@ARTICLE{mochizuki86,
citekey={mochizuki86},
author={E. Mochizuki},
title={The free oscillations of an anisotropic and heterogeneous earth},
journal={Geophys. J. Roy. Astron. Soc.},
year=1986,
volume=86,
pages={167--176},
}

@ARTICLE{mochizuki92,
citekey={mochizuki92},
author={E. Mochizuki},
title={Toroidal oscillations and SH body waves of an aspherical Earth},
journal={Geophys. J. Int.},
year=1992,
volume=111,
pages={497--504},
}

@ARTICLE{mochizuki94,
citekey={mochizuki94},
author={E. Mochizuki},
title={Asymptotic spheroidal oscillations of a transversely isotropic Earth},
journal={J. Phys. Earth},
year=1994,
volume=42,
pages={261--267},
}

@ARTICLE{mooney&al98,
citekey={mooney&al98},
author={W. D. Mooney and G. Laske and G. Masters},
title={CRUST 5.1: A global crustal model at $5\times 5$ degrees},
journal={J. Geophys. Res.},
year=1998,
volume=103,
pages={727--747},
}

@ARTICLE{morelli&al86,
citekey={morelli&al86},
author={A. Morelli and A. M. Dziewonski and J. H. Woodhouse},
title={Anisotropy of the inner core inferred from PKIKP travel times},
journal={Geophys. Res. Lett.},
year=1986,
volume=13,
pages={1545--1548},
}

@BOOK{morse&feshbach53,
citekey={morse&feshbach53},
author={P. M. Morse and H. Feshbach},
title={Methods of Theoretical Physics},
year=1953,
publisher={McGraw-Hill, New York},
}

@ARTICLE{nafe&brune60,
citekey={nafe&brune60},
author={J. Nafe and J. N. Brune},
title={Observations of phase velocity for Rayleigh waves
in the period range 100 to 400 seconds},
journal={Bull. Seismol. Soc. Am.},
year=1960,
volume=50,
pages={427--439},
}

@ARTICLE{ness&al61,
citekey={ness&al61},
author={N. F. Ness and J. C. Harrison and L. B. Slichter},
title={Observations of the free oscillations of the Earth},
journal={J. Geophys. Res.},
year=1961,
volume=66,
pages={621--629},
}

@PHDTHESIS{nolet76,
citekey={nolet76},
author={G. Nolet},
title={Higher modes and the determination of upper mantle structure},
school={University of Utrecht},
year=1976,
}

@ARTICLE{nolet77,
citekey={nolet77},
author={G. Nolet},
title={The upper mantle under western Europe inferred from
the dispersion of Rayleigh modes},
journal={J. Geophys.},
year=1977,
volume=43,
pages={265--285},
}

@ARTICLE{nolet90,
citekey={nolet90},
author={G. Nolet},
title={Partitioned waveform inversion and two-dimensional structure
under the Network of Autonomously Recording Seismographs},
journal={J. Geophys. Res.},
year=1990,
volume=95,
pages={8499--8512},
}

@ARTICLE{nolet&moser93,
citekey={nolet&moser93},
author={G. Nolet and T.-J. Moser},
title={Teleseismic delay times in a 3-D Earth and a new look
at the S discrepancy},
journal={Geophys. J. Int.},
year=1993,
volume=114,
pages={185--195},
}

@BOOK{nowick&berry72,
citekey={nowick&berry72},
author={A. S. Nowick and B. S. Berry},
title={Anelastic Relaxation in Crystalline Solids},
year=1972,
publisher={Academic Press, New York},
}

@ARTICLE{nussenzveig65,
citekey={nussenzveig65},
author={H. M. Nussenzveig},
title={High-frequency scattering by an impenetrable sphere},
journal={Ann. Phys. New York},
year={1965},
volume={23},
pages={23--95},
}

@ARTICLE{okal82,
citekey={okal82},
author={E. A. Okal},
title={Mode-wave equivalence and other asymptotic problems
in tsunami theory},
journal={Phys. Earth Planet. Int.},
year=1982,
volume=30,
pages={1--11},
}

@ARTICLE{okal90,
citekey={okal90},
author={E. A. Okal},
title={Single forces and double couples: A theoretical review
of their relative efficiency for the excitation of seismic and tsunami waves},
journal={J. Phys. Earth},
year=1990,
volume=38,
pages={445--474},
}

@ARTICLE{okal96,
citekey={okal96},
author={E. A. Okal},
title={Radial modes from the great 1994 Bolivian earthquake:
No evidence for an isotropic component to the source},
journal={Geophys. Res. Lett.},
year=1996,
volume=23,
pages={431--434},
}

@ARTICLE{oconnell&budiansky78,
citekey={oconnell&budiansky78},
author={R. J. O'Connell and B. Budiansky},
title={Measures of dissipation in viscoelastic media},
journal={Geophys. Res. Lett.},
year=1978,
volume=5,
pages={5--8},
}

@ARTICLE{odaka78,
citekey={odaka78},
author={T. Odaka},
title={Derivation of asymptotic frequency equations
in terms of ray and normal mode theory and some
related problems---Radial and spheroidal
oscillations of an elastic sphere},
journal={J. Phys. Earth},
year=1978,
volume=26,
pages={105--121},
}

@ARTICLE{papazachos&nolet97a,
citekey={papazachos&nolet97a},
author={C. Papazachos and G. Nolet},
title={Non-linear arrival time tomography},
journal={Annali di Geofisica},
year={1997a},
volume={XL},
pages={85--97},
}

@ARTICLE{papazachos&nolet97b,
citekey={papazachos&nolet97b},
author={C. Papazachos and G. Nolet},
title={P and S deep velocity structure of the Hellenic area
obtained by robust nonlinear inversion of travel times},
journal={J. Geophys. Res.},
year={1997b},
volume=102,
pages={8349--8367},
}

@ARTICLE{park87,
citekey={park87},
author={J. Park},
title={Asymptotic coupled-mode expressions for multiplet amplitude
anomalies and frequency shifts on a laterally heterogeneous Earth},
journal={Geophys. J. Roy. Astron. Soc.},
year=1986,
volume=90,
pages={129--169},
}

@ARTICLE{park90,
citekey={park90},
author={J. Park},
title={The subspace projection method for constructing
coupled-mode synthetic seismograms},
journal={Geophys. J. Int.},
year=1990,
volume=101,
pages={111-123},
}

@ARTICLE{park&gilbert86,
citekey={park&gilbert86},
author={J. Park and F. Gilbert},
title={Coupled free oscillations of an aspherical,
dissipative, rotating Earth: Galerkin theory},
journal={J. Geophys. Res.},
year=1986,
volume=91,
pages={7241--7260},
}

@BOOK{parker94,
citekey={parker94},
author={R. L. Parker},
title={Geophysical Inverse Theory},
year=1994,
publisher={Princeton University Press, Princeton, New Jersey},
}

@ARTICLE{pekeris48,
citekey={pekeris48},
author={C. L. Pekeris},
title={Theory of propagation of explosive sound in shallow water},
journal={Geol. Soc. Am. Mem.},
year=1948,
volume=27,
pages={117 pages},
}

@INPROCEEDINGS{pekeris&jarosch58,
citekey={pekeris&jarosch58},
author={C. L. Pekeris and H. Jarosch},
title={The free oscillations of the Earth},
booktitle={Contributions in Geophysics in Honor of Beno Gutenberg},
publisher={Pergamon, New York},
editor={Benioff, H. and Ewing, M. and Howell, Jr., B. F. and Press, F.},
year=1958,
pages={171--192},
}

@ARTICLE{pekeris&al61a,
citekey={pekeris&al61a},
author={C. L. Pekeris and Z. Alterman and H. Jarosch},
title={Comparison of theoretical with observed values of the
periods of the free oscillations of the Earth},
journal={Proc. Nat. Acad. Sci. USA},
year={1961a},
volume=47,
pages={91--98},
}

@ARTICLE{pekeris&al61b,
citekey={pekeris&al61b},
author={C. L. Pekeris and Z. Alterman and H. Jarosch},
title={Rotational multiplets in the spectrum of the Earth},
journal={Phys. Rev.},
year={1961b},
volume=122,
pages={1692--1700},
}

@ARTICLE{phinney&burridge73,
citekey={phinney&burridge73},
author={R. A. Phinney and R. Burridge},
title={Representation of the elastic-gravitational excitation
of a spherical Earth model by generalized spherical
harmonics},
journal={Geophys. J. Roy. Astron. Soc.},
year=1973,
volume=34,
pages={451--487},
}

@ARTICLE{press56,
citekey={press56},
author={F. Press},
title={Determination of crustal structure from phase velocity
of Rayleigh waves---Part I.\ Southern California},
journal={Bull. Geol. Soc. Am.},
year={1956},
volume=67,
pages={1647--1658},
}

@ARTICLE{press&ewing52,
citekey={press&ewing52},
author={F. Press and M. Ewing},
title={Two slow surface waves across North America},
journal={Bull. Seismol. Soc. Am.},
year=1952,
volume=42,
pages={219--228},
}

@BOOK{press&al92,
citekey={press&al92},
author={W. H. Press and B. P. Flannery and S. A. Teukolsky
and W. T. Vetterling},
title={Numerical Recipes: The Art of Scientific Computing},
year=1992,
publisher={Cambridge University Press, Cambridge},
}

@ARTICLE{poisson29,
citekey={poisson29},
author={S. D. Poisson},
title={{M\'{e}moire sur l'\'{e}quilibre et le mouvement des corps
\'{e}lastiques}},
journal={{M\'{e}m. Acad. Roy. Sci. Inst. France}},
year=1829,
volume={8},
pages={357--570},
}

@INCOLLECTION{ponzano&regge68,
citekey={ponzano&regge68},
author={G. Ponzano and T. Regge},
title={Semiclassical limit of Racah coefficients},
booktitle={Spectroscopic amd Group Theoretical Methods in Physics},
publisher={North-Holland, Amsterdam},
editor={F. Bloch and S. G. Cohen and A. {De-Shalit} and S. Tambursky
and I. Talmi},
year=1968,
pages={1--58},
}

@ARTICLE{popov&psencik76,
citekey={popov&psencik76},
author={M. M. Popov and I. {P\v{s}en\v{c}\'{\i}k}},
title={Ray amplitudes in inhomogeneous media with curved interfaces},
journal={{Geofysik\'{a}ln\'{\i}} {Sborn\'{\i}k}},
year={1976},
volume={24},
pages={111--129},
}

@BOOK{poston&stewart78,
citekey={poston&stewart78},
author={T. Poston and I. Stewart},
title={Catastrophe Theory and its Applications},
year=1978,
publisher={Pitman, Boston},
}

@ARTICLE{poupinet&al83,
citekey={poupinet&al83},
author={G. R. Poupinet and R. Pillet and A. Souriau},
title={Possible heterogeneity of the Earth's core deduced from
PKIKP travel times},
journal={Nature},
year=1983,
volume=305,
pages={204--206},
}

@ARTICLE{racah42,
citekey={racah42},
author={G. Racah},
title={Theory of complex spectra, II},
journal={Phys. Rev.},
year={1942},
volume={62},
pages={438--462},
}

@ARTICLE{radau85,
citekey={radau85},
author={R. Radau},
title={Sur la loi des densit\'{e}s \`{a}
l'int\'{e}rieur de la Terre},
journal={Comptes Rendus Acad. Sci. Paris},
year=1885,
volume=100,
pages={972--974},
}

@ARTICLE{randall76,
citekey={randall76},
author={M. J. Randall},
title={Attenuative dispersion and frequency shifts of the Earth's
free oscillations},
journal={Phys. Earth Planet. Int.},
year=1976,
volume=12,
pages={P1--P3},
}

@ARTICLE{ray&al96,
citekey={ray&al96},
author={R. D. Ray and R. J. Eanes and B. F. Chao},
title={Detection of tidal dissipation in the solid Earth
by satellite tracking and altimetry},
journal={Nature},
year=1996,
volume=381,
pages={595--597},
}

@BOOK{rayleigh77,
citekey={rayleigh77},
author={J. W. S. Rayleigh},
title={The Theory of Sound},
year=1877,
publisher={Macmillan, London},
note={reprinted in 1967 by Dover Publications, New York},
}

@ARTICLE{rayleigh85,
citekey={rayleigh85},
author={J. W. S. Rayleigh},
title={On waves propagated along the plane surface
of an elastic solid},
journal={Proc. Lond. Math. Soc.},
year=1885,
volume=17,
pages={4--11},
}

@ARTICLE{rayleigh06,
citekey={rayleigh06},
author={J. W. S. Rayleigh},
title={On the dilational stability of the Earth},
journal={Proc. Roy. Soc. Lond., Ser. A},
year=1906,
volume=77,
pages={486--499},
}

@ARTICLE{regge58,
citekey={regge58},
author={T. Regge},
title={Symmetry properties of Clebsch-Gordon's coefficients},
journal={Nuovo Cimento},
year={1958},
volume={10},
pages={544--545},
}

@BOOK{reid10,
citekey={reid10},
author={H. F. Reid},
title={The Mechanics of the Earthquake,
Report of the California State Earthquake Investigation
Commission},
year=1910,
volume=11,
publisher={Carnegie Institution
of Washington Publication No. 87,
Washington, D.C.},
}

@ARTICLE{revenaugh&jordan91,
citekey={revenaugh&jordan91},
author={J. Revenaugh and T. H. Jordan},
title={Mantle layering from ScS reverberations---1. Waveform
inversion of zeroth-order reverberations},
journal={J. Geophys. Res.},
year=1991,
volume=96,
pages={19749--19762},
}

@ARTICLE{resovsky&ritzwoller95,
citekey={resovsky&ritzwoller95},
author={J. S. Resovsky and M. Ritzwoller},
title={Constraining odd-degree Earth structure with coupled
free-oscillation overtones},
journal={Geophys. Res. Lett.},
year=1995,
volume=4,
pages={372--447},
}

@ARTICLE{richards71,
citekey={richards71},
author={P. G. Richards},
title={An elasticity theorem for heterogeneous media,
with an example of body wave dispersion in the Earth},
journal={Geophys. J. Roy. Astron. Soc.},
year=1971,
volume=22,
pages={453--472},
}

@ARTICLE{richards74,
citekey={richards74},
author={P. G. Richards},
title={Weakly coupled potentials for high-frequency
elastic waves in continuously stratified media},
journal={Bull. Seismol. Soc. Am.},
year=1974,
volume=64,
pages={1575--1588},
}

@BOOK{richter58,
citekey={richter58},
author={C. F. Richter},
title={Elementary Seismology},
year=1958,
publisher={W. H. Freeman, San Francisco},
}

@ARTICLE{riedesel&al80,
citekey={riedesel&al80},
author={M. A. Riedesel and D. Agnew and J. Berger and F. Gilbert},
title={Stacking for the frequencies and $Q$s of ${}_0{\rm S}_0$
and ${}_1{\rm S}_0$},
journal={Geophys. J. Roy. Astron. Soc.},
year=1980,
volume=62,
pages={457--471},
}

@ARTICLE{ritzwoller&al86,
citekey={ritzwoller&al86},
author={M. Ritzwoller and G. Masters and F. Gilbert},
title={Observations of anomalous splitting and their
interpretation in terms of
aspherical structure},
journal={J. Geophys. Res.},
year=1986,
volume=91,
pages={10203--10228},
}

@ARTICLE{ritzwoller&al88,
citekey={ritzwoller&al88},
author={M. Ritzwoller and G. Masters and F. Gilbert},
title={Constraining aspherical structure with low-degree interaction
coefficients: application to uncoupled multiplets},
journal={J. Geophys. Res.},
year=1988,
volume=93,
pages={6369--6396},
}

@ARTICLE{ritzwoller&lavely95,
citekey={ritzwoller&lavely95},
author={M. H. Ritzwoller and E. M. Lavely},
title={Three-dimensional models of the Earth's mantle},
journal={Rev. Geophys.},
year=1995,
volume=33,
pages={1--66},
}

@ARTICLE{roberts&ursell60,
citekey={roberts&ursell60},
author={P. H. Roberts and H. D. Ursell},
title={Random walk on a sphere and on a Riemannian manifold},
journal={Phil. Trans. Roy. Soc. Lond., Ser. A},
year={1960},
volume={252},
pages={317--356},
}

@ARTICLE{rodi&al75,
citekey={rodi&al75},
author={W. L. Rodi and P. Glover and M. C. Li
and S. S. Alexander},
title={A fast, accurate method for computing
group-velocity partial derivatives for Rayleigh
and Love modes},
journal={Bull. Seismol. Soc. Am.},
year={1975},
volume={65},
pages={1105--1114},
}

@BOOK{robin58,
citekey={robin58},
author={L. Robin},
title={Fonctions {Sph\'{e}riques} de Legendre et Fonctions
{Sph\'{e}ro\-\"{\i}dales}},
year={1958},
publisher={Gauthier-Villars, Paris},
}

@ARTICLE{romanowicz&lambeck77,
citekey={romanowicz&lambeck77},
author={B. A. Romanowicz and K. Lambeck},
title={Mass and moment of inertia of the Earth},
journal={Phys. Earth Planet. Int.},
year=1977,
volume=15,
pages={P1--P4},
}

@ARTICLE{romanowicz90,
citekey={romanowicz90},
author={B. A. Romanowicz},
title={The upper mantle degree 2: Constraints and inferences
from global mantle wave attenuation measurements},
journal={J. Geophys. Res.},
year=1990,
volume=95,
pages={11051--11071},
}

@ARTICLE{romanowicz91,
citekey={romanowicz91},
author={B. A. Romanowicz},
title={Seismic tomography of the earth's mantle},
journal={Ann. Rev. Earth Planet. Sci.},
year=1991,
volume=19,
pages={77--99},
}

@ARTICLE{romanowicz95,
citekey={romanowicz95},
author={B. A. Romanowicz},
title={A global tomographic model of shear
attenuation in the upper mantle},
journal={J. Geophys. Res.},
year=1995,
volume=100,
pages={12375--12394},
}

@ARTICLE{romanowicz&roult86,
citekey={romanowicz&roult86},
author={B. Romanowicz and G. Roult},
title={First-order asymptotics for the eigenfrequencies
of the Earth and application to the retrieval of large-scale
lateral variations of structure},
journal={Geophys. J. R. Astron. Soc.},
year=1986,
volume=87,
pages={209--239},
}

@BOOK{rotenberg&al59,
citekey={rotenberg&al59},
author={M. Rotenberg and R. Bivins and N. Metropolis
and J. K. {Wooten Jr.}},
title={The 3-$j$ and 6-$j$ symbols},
year={1959},
publisher={The Technology Press, Massachusetts
Institute of Technology},
}

@ARTICLE{russakoff&al97,
citekey={russakoff&al97},
author={D. Russakoff and G. {Ekstr\"{o}m} and J. Tromp},
title={A new analysis of the great 1970 Colombia earthquake
and its isotropic component},
journal={J. Geophys. Res.},
year=1998,
volume={102},
pages={20423--20434},
}

@ARTICLE{sailor&dziewonski78,
citekey={sailor&dziewonski78},
author={R. V. Sailor and A. M. Dziewonski},
title={Measurements and interpretation of normal mode attenuation},
journal={Geophys. J. Roy. Astron. Soc.},
year=1978,
volume=53,
pages={559--581},
}

@ARTICLE{saito67,
citekey={saito67},
author={M. Saito},
title={Excitation of free oscillations and surface waves
by a point source in a vertically heterogeneous Earth},
journal={J. Geophys. Res.},
year=1967,
volume=72,
pages={3689--3699},
}

@ARTICLE{saito71,
citekey={saito71},
author={M. Saito},
title={Theory for the elastic-gravitational oscillation
of a laterally heterogeneous Earth},
journal={J. Phys. Earth},
year=1971,
volume=19,
pages={259--270},
}

@ARTICLE{sambridge90,
citekey={sambridge90},
author={M. S. Sambridge},
title={Non-linear arrival time inversion: constraining velocity
anomalies by seeking smooth models in 3-D},
journal={Geophys. J. Int.},
year=1990,
volume=102,
pages={653--677},
}

@ARTICLE{sato55,
citekey={sato55},
author={Y. {S\^{a}to}},
title={Analysis of dispersed surface waves by means of Fourier transform},
journal={Bull. Earthquake Res. Inst. Tokyo Univ.},
year=1955,
volume=33,
pages={33--47},
}

@ARTICLE{sato58,
citekey={sato58},
author={Y. {S\^{a}to}},
title={Attenuation, dispersion and the wave guide of the G wave},
journal={Bull. Seismol. Soc. Am.},
year=1958,
volume=48,
pages={231--251},
}

@ARTICLE{savage69,
citekey={savage69},
author={J. D. Savage},
title={Steketee's paradox},
journal={Bull. Seismol. Soc. Am.},
year=1969,
volume=59,
pages={381--384},
}

@BOOK{schiff68,
citekey={schiff68},
author={L. I. Schiff},
title={Quantum Mechanics},
year=1968,
publisher={McGraw-Hill, New York},
}

@ARTICLE{schulten&gordon75a,
citekey={schulten&gordon75a},
author={K. Schulten and R. G. Gordon},
title={Exact recursive evaluation of $3j$ and $6j$ coefficients
for quantum-mechanical coupling of angular momenta},
journal={J. Math. Phys.},
year={1975a},
volume={16},
pages={1961--1970},
}

@ARTICLE{schulten&gordon75b,
citekey={schulten&gordon75b},
author={K. Schulten and R. G. Gordon},
title={Semiclassical approximations to $3j$ and $6j$ coefficients
for quantum-mechanical coupling of angular momenta},
journal={J. Math. Phys.},
year={1975b},
volume={16},
pages={1971--1988},
}

@ARTICLE{schulten&gordon76,
citekey={schulten&gordon76},
author={K. Schulten and R. G. Gordon},
title={Recursive evaluation of $3j$ and $6j$ coefficients},
journal={Comp. Phys. Comm.},
year={1976},
volume={11},
pages={269--278},
}

@ARTICLE{seidelmann82,
citekey={seidelmann82},
author={P. K. Seidelmann},
title={1980 IAU theory of nutation: the final report of the IAU
working group on nutation},
journal={Celest. Mech.},
year=1982,
volume=27,
pages={79--106},
}

@ARTICLE{sezawa27,
citekey={sezawa27},
author={K. Sezawa},
title={Dispersion of elastic waves propagated on the surface
of stratified bodies and on curved surfaces},
journal={Bull. Earthquake Res. Inst. Tokyo Univ.},
year=1927,
volume=3,
pages={1--18},
}

@ARTICLE{shearer91,
citekey={shearer91},
author={P. M. Shearer},
title={Imaging global body-wave phases by stacking long-period seismograms},
journal={J. Geophys. Res.},
year=1991,
volume=96,
pages={20353--20364},
}

@ARTICLE{shibata&al90,
citekey={shibata&al90},
author={N. Shibata and N. Suda and Y. Fukao},
title={The matrix element for a transversely
isotropic earth model},
journal={Geophys. J. Int.},
year=1990,
volume=100,
pages={315--318},
}

@ARTICLE{silver&jordan81,
citekey={silver&jordan81},
author={P. G. Silver and T. H. Jordan},
title={Fundamental spheroidal mode observations of aspherical heterogeneity},
journal={Geophys. J. Roy. Astron. Soc.},
year=1981,
volume=64,
pages={605--634},
}

@ARTICLE{silver&jordan82,
citekey={silver&jordan82},
author={P. G. Silver and T. H. Jordan},
title={Optimal estimation of scalar seismic moment},
journal={Geophys. J. Roy. Astron. Soc.},
year=1982,
volume=70,
pages={755--787},
}

@ARTICLE{silver&jordan83,
citekey={silver&jordan83},
author={P. G. Silver and T. H. Jordan},
title={Total-moment spectra of fourteen large earthquakes},
journal={J. Geophys. Res.},
year=1983,
volume=88,
pages={3273--3293},
}

@ARTICLE{sipkin&jordan79,
citekey={sipkin&jordan79},
author={S. A. Sipkin and T. H. Jordan},
title={Frequency dependence of $Q_{\rm ScS}$},
journal={Bull. Seismol. Soc. Am.},
year=1979,
volume=69,
pages={1055--1079},
}

@ARTICLE{sipkin&jordan80,
citekey={sipkin&jordan80},
author={S. A. Sipkin and T. H. Jordan},
title={Regional variation of $Q_{\rm ScS}$},
journal={Bull. Seismol. Soc. Am.},
year=1980,
volume=70,
pages={1071--1102},
}

@ARTICLE{slichter61,
citekey={slichter61},
author={L. B. Slichter},
title={The fundamental free mode of the Earth's inner core},
journal={Proc. Nat. Acad. Sci. USA},
year=1961,
volume=47,
pages={186--190},
}

@ARTICLE{slichter67,
citekey={slichter67},
author={L. B. Slichter},
title={Spherical oscillations of the Earth},
journal={Geophys. J. Roy. Astron. Soc.},
year=1967,
volume=14,
pages={171--177},
}

@BOOK{smirnov64,
citekey={smirnov64},
author={V. I. Smirnov},
title={A Course in Higher Mathematics},
volume=4,
year=1964,
publisher={Pergamon, New York},
}

@ARTICLE{smith66,
citekey={smith66},
author={S. W. Smith},
title={Free oscillations excited by the Alaskan earthquake},
journal={J. Geophys. Res.},
year=1966,
volume=71,
pages={1183--1193},
}

@ARTICLE{smith76,
citekey={smith76},
author={M. L. Smith},
title={Translational inner core oscillations of a
rotating, slightly elliptical Earth},
journal={J. Geophys. Res.},
year=1976,
volume=81,
pages={3055--3065},
}

@BOOK{smith&al76,
citekey={smith&al76},
author={B. Smith and J. Boyle and J. Dongarra and B. Garbow
and Y. Ikebe and V. Klema and C. Moler},
title={Matrix Eigensystem Routines---EISPACK Guide},
series={Lecture Notes in Computer Science},
year=1976,
publisher={Springer-Verlag, New York},
}

@ARTICLE{smith&dahlen81,
citekey={smith&dahlen81},
author={M. L. Smith and F. A. Dahlen},
title={The period and Q of the Chandler wobble},
journal={Geophys. J. Roy. Astron. Soc.},
year=1981,
volume=64,
pages={223--281},
}

@ARTICLE{smith&masters89,
citekey={smith&masters89},
author={M. F. Smith and G. Masters},
title={Aspherical structure constraints from free oscillation
frequency and attenuation measurements},
journal={J. Geophys. Res.},
year={1989a},
volume=94,
pages={1953--1976},
}

@ARTICLE{snieder&nolet87,
citekey={snieder&nolet87},
author={R. Snieder and G. Nolet},
title={Linearized scattering of surface waves on a spherical Earth},
journal={J. Geophys.},
year=1987,
volume=61,
pages={55--63},
}

@ARTICLE{snieder&chapman98,
citekey={snieder&chapman98},
author={R. Snieder and C. Chapman},
title={The reciprocity properties of geometrical spreading},
journal={Geophys. J. Int.},
year=1998,
volume=132,
pages={89--95},
}

@ARTICLE{song&helmberger95,
citekey={song&helmberger95},
author={X. D. Song and D. V. Helmberger},
title={Depth dependence of anisotropy of Earth's inner core},
journal={J. Geophys. Res.},
year=1995,
volume=100,
pages={9805--9816},
}

@BOOK{stacey92,
citekey={stacey92},
author={F. D. Stacey},
title={Physics of the Earth},
year=1992,
publisher={Brookfield Press, Brisbane},
}

@ARTICLE{stein&geller78,
citekey={stein&geller78},
author={S. Stein and R. J. Geller},
title={Attenuation measurements of split normal modes
for the 1960 Chilean and 1964 Alaskan earthquakes},
journal={Bull. Seismol. Soc. Am.},
year=1978,
volume=68,
pages={1595--1611},
}

@ARTICLE{steketee58,
citekey={steketee58},
author={J. A. Steketee},
title={Some geophysical applications of the elasticity
theory of dislocations},
journal={Can. J. Phys.},
year=1958,
volume=36,
pages={1168--1197},
}

@ARTICLE{stevenson87,
citekey={stevenson87},
author={D. J. Stevenson},
title={Limits on lateral density and velocity variations
in the Earth's outer core},
journal={Geophys. J. R. Astron. Soc.},
year=1987,
volume=88,
pages={311--319},
}

@ARTICLE{stoneley24,
citekey={stoneley24},
author={R. Stoneley},
title={Elastic waves at the surface of separation of two solids},
journal={Proc. Roy. Soc. Lond., Ser. A},
year=1924,
volume=106,
pages={416--428},
}

@ARTICLE{stoneley25,
citekey={stoneley25},
author={R. Stoneley},
title={Dispersion of surface waves},
journal={Mon. Not. Roy. Astron. Soc., Geophys. Suppl.},
year=1925,
volume=1,
pages={280--282},
}

@ARTICLE{stoneley26a,
citekey={stoneley26a},
author={R. Stoneley},
title={The effect of the ocean on Rayleigh waves},
journal={Mon. Not. Roy. Astron. Soc., Geophys. Suppl.},
year={1926a},
volume=1,
pages={349--356},
}

@ARTICLE{stoneley26b,
citekey={stoneley26b},
author={R. Stoneley},
title={The elastic yielding of the Earth},
journal={Mon. Not. Roy. Astron. Soc., Geophys. Suppl.},
year={1926b},
volume=1,
pages={356--359},
}

@ARTICLE{stoneley28,
citekey={stoneley28},
author={R. Stoneley},
title={A Rayleigh wave problem},
journal={Proc. Leeds Phil. Lit. Soc. (Sci. Sect.)},
year=1928,
volume=1,
pages={217--225},
}

@ARTICLE{stoneley49,
citekey={stoneley49},
author={R. Stoneley},
title={The seismological implications of aeolotropy
in continental structure},
journal={Mon. Not. Roy. Astron. Soc., Geophys. Suppl.},
year=1949,
volume=5,
pages={343--353},
}

@INCOLLECTION{stoneley61,
citekey={stoneley61},
author={R. Stoneley},
title={The oscillations of the Earth},
booktitle={Physics and Chemistry of the Earth},
publisher={Pergamon Press, New York},
volume=4,
editor={L. H. Ahrens and F. Press and K. Rankama and S. K. Runcorn},
year=1961,
pages={239--250},
}

@ARTICLE{stoneley&tillotson28,
citekey={stoneley&tillotson28},
author={R. Stoneley and E. Tillotson},
title={The effect of a double surface layer on Love waves},
journal={Mon. Not. Roy. Astron. Soc., Geophys. Suppl.},
year=1928,
volume=1,
pages={521--587},
}

@BOOK{stratton41,
citekey={stratton41},
author={J. A. Stratton},
title={Electromagnetic Theory},
year={1941},
publisher={McGraw-Hill, New York},
}

@ARTICLE{su&al94,
citekey={su&al94},
author={W.-J. Su and R. L. Woodward and A. M. Dziewonski},
title={Degree 12 model of shear velocity heterogeneity
in the mantle},
journal={J. Geophys. Res.},
year=1994,
volume=99,
pages={6945--6981},
}

@ARTICLE{takeuchi50,
citekey={takeuchi50},
author={H. Takeuchi},
title={On the earth tide of the compressible Earth
of variable density and elasticity},
journal={Trans. Am. Geophys. Un.},
year=1950,
volume=31,
pages={651--689},
}

@ARTICLE{takeuchi59,
citekey={takeuchi59},
author={H. Takeuchi},
title={Torsional oscillations of the Earth and some related problems},
journal={Geophys. J. Roy. Astron. Soc.},
year=1959,
volume=2,
pages={89--100},
}

@ARTICLE{takeuchi&al64,
citekey={takeuchi&al64},
author={H. Takeuchi and J. Dorman and M. Saito},
title={Partial derivatives of surface wave phase velocity
with respect to physical parameter changes within the Earth},
journal={J. Geophys. Res.},
year=1964,
volume=69,
pages={3429--3441},
}

@ARTICLE{takeuchi&al96,
citekey={takeuchi&al96},
author={N. Takeuchi and R. J. Geller and P. R. Cummins},
title={Highly accurate complete P-SV synythetic seismograms
using modified DSM operators},
journal={Geophys. Res. Lett.},
year=1996,
volume=23,
pages={1175--1178},
}

@INCOLLECTION{takeuchi&saito72,
citekey={takeuchi&saito72},
author={H. Takeuchi and M. Saito},
title={Seismic surface waves},
booktitle={Seismology: Surface Waves and Free
Oscillations, Methods in Computational Physics},
publisher={Academic Press, New York},
volume=11,
editor={B. A. Bolt},
year=1972,
pages={217--295},
}

@ARTICLE{tams21,
citekey={tams21},
author={E. Tams},
title={{\"{U}ber} die Fortpflanzungsgeschwindigkeit der
seismischen {Oberfl\"{a}chenwellen} {l\"{a}ngs} kontinentaler
und ozeanischer Wege},
journal={Centralblatt Mineral. Geol. {Pal\"{a}ntol.}},
year={1921},
volume={2--3},
pages={44--52, 75--83},
}

@ARTICLE{tanimoto86,
citekey={tanimoto86},
author={T. Tanimoto},
title={Free oscillations of a slightly anisotropic earth},
journal={Geophys. J. Roy. Astron. Soc.},
year={1986},
volume=87,
pages={493--517},
}

@ARTICLE{tanimoto89,
citekey={tanimoto89},
author={T. Tanimoto},
title={Splitting of normal modes and travel
time anomalies due to the magnetic
field of the Earth},
journal={J. Geophys. Res.},
year=1989,
volume=94,
pages={3030--3036},
}

@BOOK{tarantola87,
citekey={tarantola87},
author={A. Tarantola},
title={Inverse Problem Theory},
year=1987,
publisher={Elsevier, Amsterdam},
}

@ARTICLE{thomson&chapman85,
citekey={thomson&chapman85},
author={C. J. Thomson and C. H. Chapman},
title={An introduction to Maslov's asymptotic method},
journal={Geophys. J. Roy. Astron. Soc.},
year=1985,
volume=83,
pages={143--168},
}

@BOOK{thomson&tait83,
citekey={thomson&tait83},
author={W. Thomson and P. G. Tait},
title={Treatise on Natural Philosophy},
year=1883,
publisher={Cambridge University Press, Cambridge},
}

@ARTICLE{toksoz&ben-menahem63,
citekey={toksoz&ben-menahem63},
author={M. N. {Toks\"{o}z} and A. {Ben-Menahem}},
title={Velocities of mantle Love and Rayleigh waves over multiple paths},
journal={Bull. Seismol. Soc. Am.},
year={1963},
volume=53,
pages={741--764},
}

@ARTICLE{toksoz&anderson66,
citekey={toksoz&anderson66},
author={M. N. {Toks\"{o}z} and D. L. Anderson},
title={Phase velocities of long-period surface waves and
structure of the upper mantle---1.\ Great-circle Love and
Rayleigh wave data},
journal={J. Geophys. Res.},
year={1966},
volume=71,
pages={1649--1658},
}

@ARTICLE{trampert&woodhouse95,
citekey={trampert&woodhouse95},
author={J. Trampert and J. H. Woodhouse},
title={Global phase velocity maps of Love and Rayleigh
waves between 40 and 150 seconds},
journal={Geophys. J. Int.},
year=1995,
volume=122,
pages={675--690},
}

@ARTICLE{trampert&woodhouse96,
citekey={trampert&woodhouse96},
author={J. Trampert and J. H. Woodhouse},
title={High resolution global phase velocity distribution},
journal={Geophys. Res. Lett.},
year=1996,
volume=23,
pages={21--24},
}

@ARTICLE{tromp93,
citekey={tromp93},
author={J. Tromp},
title={Support for anisotropy of the Earth's inner core},
journal={Nature},
year=1993,
volume=366,
pages={678--681},
}

@ARTICLE{tromp95,
citekey={tromp95},
author={J. Tromp},
title={Normal-mode splitting due to inner-core anisotropy},
journal={Geophys. J. Int.},
year=1995,
volume=121,
pages={963--968},
}

@ARTICLE{tromp&dahlen90a,
citekey={tromp&dahlen90a},
author={J. Tromp and F. A. Dahlen},
title={Summation of the Born series for the normal modes of the Earth},
journal={Geophys. J. Int.},
year={1990a},
volume=100,
pages={527--533},
}

@ARTICLE{tromp&dahlen90b,
citekey={tromp&dahlen90b},
author={J. Tromp and F. A. Dahlen},
title={Free oscillations of a spherical anelastic Earth},
journal={Geophys. J. Int.},
year={1990b},
volume=103,
pages={707--723},
}

@ARTICLE{tromp&dahlen92a,
citekey={tromp&dahlen92a},
author={J. Tromp and F. A. Dahlen},
title={Variational principles for surface wave propagation on a
laterally heterogeneous Earth---I.\ Time-domain JWKB theory},
journal={Geophys. J. Int.},
year={1992a},
volume=109,
pages={581--598},
}

@ARTICLE{tromp&dahlen92b,
citekey={tromp&dahlen92b},
author={J. Tromp and F. A. Dahlen},
title={Variational principles for surface wave propagation on a
laterally heterogeneous Earth---II.\ Frequency-domain JWKB theory},
journal={Geophys. J. Int.},
year={1992b},
volume=109,
pages={599--619},
}

@ARTICLE{tromp&dahlen93,
citekey={tromp&dahlen93},
author={J. Tromp and F. A. Dahlen},
title={Maslov theory for surface wave propagation
on a laterally heterogeneous earth},
journal={Geophys. J. Int.},
year={1993},
volume=115,
pages={512--528},
}

@ARTICLE{tsuboi&geller87,
citekey={tsuboi&geller87},
author={S. Tsuboi and R. J. Geller},
title={Partial derivatives of synthetic seismograms for a
laterally heterogeneous Earth},
journal={Geophys. Res. Lett.},
year=1987,
volume=14,
pages={832--835},
}

@ARTICLE{um&al91,
citekey={um&al91},
author={J. Um and F. A. Dahlen and J. Park},
title={Normal mode multiplet coupling along a dispersion branch},
journal={Geophys. J. Int.},
year=1991,
volume=106,
pages={111--135},
}

@ARTICLE{um&dahlen92,
citekey={um&dahlen92},
author={J. Um and F. A. Dahlen},
title={Normal mode multiplet coupling on an aspherical, anelastic Earth},
journal={Geophys. J. Int.},
year=1992,
volume=111,
pages={11--31},
}

@ARTICLE{valette86,
citekey={valette86},
author={B. Valette},
title={About the influence of pre-stress upon the adiabatic
perturbations of the Earth},
journal={Geophys. J. Roy. Astron. Soc.},
year=1986,
volume=85,
pages={179--208},
}

@ARTICLE{vanderhilst&al96,
citekey={vanderhislt&al96},
author={R. D. {Van der Hilst} and S. Widiyantoro
and E. R. Engdahl},
title={Evidence for deep mantle circulation
from global tomography},
journal={Nature},
year=1996,
volume=386,
pages={578--584},
}

@PHDTHESIS{vanderlee96,
citekey={vanderlee96},
author={S. {Van der Lee}},
title={The Earth's upper mantle: Its
structure beneath North America and
the 660 km discontinuity beneath
Northern Europe},
school={Princeton University},
year=1996,
}

@ARTICLE{vanderlee&nolet97,
citekey={vanderlee&nolet97},
author={S. {Van der Lee} and G. Nolet},
title={Upper mantle S velocity structure of North America},
journal={J. Geophys. Res.},
year=1997,
volume=102,
pages={22815--22838},
}

@ARTICLE{vermeersen&vlaar91,
citekey={vermeersen&vlaar91},
author={L. L. A. Vermeersen and N. J. Vlaar},
title={The gravito-elastodynamics of a pre-stressed elastic Earth},
journal={Geophys. J. Roy. Astron. Soc.},
year=1991,
volume=104,
pages={555--563},
}

@ARTICLE{wahr81a,
citekey={wahr81a},
author={J. M. Wahr},
title={A normal mode expansion for the forced response of a rotating
Earth},
journal={Geophys. J. Roy. Astron. Soc.},
year={1981a},
volume=64,
pages={651--675},
}

@ARTICLE{wahr81b,
citekey={wahr81b},
author={J. M. Wahr},
title={Body tides on an elliptical, rotating, elastic
and oceanless Earth},
journal={Geophys. J. Roy. Astron. Soc.},
year={1981b},
volume=64,
pages={677--703},
}

@ARTICLE{wahr81c,
citekey={wahr81c},
author={J. M. Wahr},
title={The forced nutations of an elliptical, rotating, elastic
and oceanless Earth},
journal={Geophys. J. Roy. Astron. Soc.},
year={1981c},
volume=64,
pages={705--727},
}

@ARTICLE{wahr&bergen86,
citekey={wahr&bergen86},
author={J. Wahr and Z. Bergen},
title={The effects of mantle anelasticity on nutations, earth tides
and tidal variations in rotation rate},
journal={Geophys. J. Roy. Astron. Soc.},
year=1986,
volume=87,
pages={633--668},
}

@ARTICLE{wahr&devries89,
citekey={wahr&devries89},
author={J. Wahr and D. de Vries},
title={The possibility of lateral structure inside the core and its
implications for nutation and earth tide observations},
journal={Geophys. J. Int.},
year=1989,
volume=99,
pages={511--519},
}

@ARTICLE{wang&al93,
citekey={wang&al93},
author={Z. Wang and F. A. Dahlen and J. Tromp},
title={Surface-wave caustics},
journal={Geophys. J. Int.},
year=1993,
volume=114,
pages={311--324},
}

@ARTICLE{wang&dahlen94,
citekey={wang&dahlen94},
author={Z. Wang and F. A. Dahlen},
title={JWKB surface-wave seismograms on a laterally heterogeneous earth},
journal={Geophys. J. Int.},
year=1994,
volume=119,
pages={381--401},
}

@ARTICLE{wang&dahlen95,
citekey={wang&dahlen95},
author={Z. Wang and F. A. Dahlen},
title={Validity of surface-wave ray theory on a laterally heterogeneous earth},
journal={Geophys. J. Int.},
year=1995,
volume=123,
pages={757--773},
}

@ARTICLE{ward80,
citekey={ward80},
author={S. N. Ward},
title={Relationships between tsunami generation and
an earthquake source},
journal={J. Phys. Earth},
year=1980,
volume=28,
pages={441--474},
}

@ARTICLE{whitham65,
citekey={whitham65},
author={G. B. Whitham},
title={A general approach to linear and non-linear dispersive
waves using a Lagrangian},
journal={J. Fluid Mech.},
year=1965,
volume=22,
pages={273--283},
}

@BOOK{whitham74,
citekey={whitham74},
author={G. B. Whitham},
title={Linear and Non-Linear Dispersive Waves},
year=1974,
publisher={Wiley, New York},
}

@PHDTHESIS{widmer91,
citekey={widmer91},
author={R. Widmer},
title={The large-scale structure of the deep Earth
as constrained by free oscillation observations},
school={University of California, San Diego},
year=1991,
}

@ARTICLE{widmer&al91,
citekey={widmer&al91},
author={R. Widmer and G. Masters and F. Gilbert},
title={Spherically symmetric attenuation within the
Earth from normal mode data},
journal={Geophys. J. Int.},
year=1991,
volume=104,
pages={541--553},
}

@ARTICLE{widmer&al92,
citekey={widmer&al92},
author={R. Widmer and G. Masters and F. Gilbert},
title={Observably split multiplets---data analysis
and interpretation in terms
of large-scale aspherical structure},
journal={Geophys. J. Int.},
year=1992,
volume=111,
pages={559--576},
}

@ARTICLE{wiggins72,
citekey={wiggins72},
author={R. A. Wiggins},
title={The general linear inverse problem: Implications
of surface waves and free oscillations for Earth structure},
journal={Rev. Geophys. Space Phys.},
year=1972,
volume=10,
pages={251--285},
}

@BOOK{wigner59,
citekey={wigner59},
author={E. P. Wigner},
title={Group Theory and its Application to the Quantum
Mechanics of Atomic Spectra},
year={1959},
publisher={Academic Press, New York},
}

@ARTICLE{williams94,
citekey={williams94},
author={J. G. Williams},
title={Contributions to the Earth's obliquity rate,
precession and nutation},
journal={Astron. J.},
year=1994,
volume=108,
pages={711--724},
}

@BOOK{willmore59,
citekey={willmore59},
author={T. J. Willmore},
title={An Introduction to Differential Geometry},
year=1959,
publisher={Oxford University Press, Oxford},
}

@PHDTHESIS{wong89,
citekey={wong89},
author={Y. K. Wong},
title={Upper mantle heterogeneity from phase and amplitude data
of mantle waves},
school={Harvard University},
year=1989,
}
 
@ARTICLE{woodhouse74,
citekey={woodhouse74},
author={J. H. Woodhouse},
title={Surface waves in a laterally varying structure},
journal={Geophys. J. Roy. Astron. Soc.},
year=1974,
volume=37,
pages={461--490},
}
 
@ARTICLE{woodhouse76,
citekey={woodhouse76},
author={J. H. Woodhouse},
title={On Rayleigh's principle},
journal={Geophys. J. Roy. Astron. Soc.},
year=1976,
volume=46,
pages={11--22},
}

@ARTICLE{woodhouse78,
citekey={woodhouse78},
author={J. H. Woodhouse},
title={Asymptotic results for elastodynamic propagator
matrices in plane-stratified and spherically-stratified Earth models},
journal={Geophys. J. Roy. Astron. Soc.},
year=1978,
volume=54,
pages={263--280},
}

@ARTICLE{woodhouse80,
citekey={woodhouse80},
author={J. H. Woodhouse},
title={The coupling and attenuation of nearly resonant
multiplets in the Earth's free oscillation spectrum},
journal={Geophys. J. Roy. Astron. Soc.},
year=1980,
volume=61,
pages={261--283},
}

@ARTICLE{woodhouse81a,
citekey={woodhouse81a},
author={J. H. Woodhouse},
title={The excitation of long-period seismic waves
by a source spanning a structural discontinuity},
journal={Geophys. Res. Lett.},
year={1981a},
volume=8,
pages={1129--1131},
}

@ARTICLE{woodhouse81b,
citekey={woodhouse81b},
author={J. H. Woodhouse},
title={A note on the calculation of travel times in
a transversely isotropic Earth model},
journal={Phys. Earth Planet. Int.},
year={1981b},
volume=25,
pages={357--359},
}

@INPROCEEDINGS{woodhouse83,
citekey={woodhouse83},
author={J. H. Woodhouse},
title={The joint inversion of seismic waveforms for lateral
heterogeneity in Earth structure and earthquake source parameters},
booktitle={Fisica dell'interno della Terra, Rendiconti della
Scuola Internazionale di Fisica ``Enrico Fermi'', LXXXV Corso},
address={Varenna, Italy},
publisher={North-Holland, Amsterdam},
editor={H. Kanamori and E. Boschi},
year=1983,
pages={366--397},
}

@INCOLLECTION{woodhouse88,
citekey={woodhouse88},
author={J. H. Woodhouse},
title={The calculation of the eigenfrequencies and eigenfunctions
of the free oscillations of the Earth and Sun},
booktitle={Seismological Algorithms: Computational
Methods and Computer Programs},
publisher={Academic Press, New York},
editor={D. J. Doornbos},
year=1988,
pages={321--370},
}

@ARTICLE{woodhouse&dahlen78,
citekey={woodhouse&dahlen78},
author={J. H. Woodhouse and F. A. Dahlen},
title={The effect of a general aspherical perturbation on the
free oscillations of the Earth},
journal={Geophys. J. Roy. Astron. Soc.},
year=1978,
volume=53,
pages={335--354},
}

@ARTICLE{woodhouse&girnius82,
citekey={woodhouse&girnius82},
author={J. H. Woodhouse and T. P. Girnius},
title={Surface waves and free oscillations in a
regionalized Earth model},
journal={Geophys. J. Roy. Astron. Soc.},
year=1982,
volume=68,
pages={653--673},
}

@ARTICLE{woodhouse&dziewonski84,
citekey={woodhouse&dziewonski84},
author={J. H. Woodhouse and A. M. Dziewonski},
title={Mapping the upper mantle: Three-dimensional modeling
of Earth structure by inversion of seismic waveforms},
journal={J. Geophys. Res.},
year=1984,
volume=89,
pages={5953--5986},
}

@ARTICLE{woodhouse&wong86,
citekey={woodhouse&wong86},
author={J. H. Woodhouse and Y. K. Wong},
title={Amplitude, phase and path anomalies of mantle waves},
journal={Geophys. J. Roy. Astron. Soc.},
year=1986,
volume=87,
pages={753--773},
}

@ARTICLE{woodhouse&al86,
citekey={woodhouse&al86},
author={J. H. Woodhouse and D. Giardini and X.-D. Li},
title={Evidence for inner-core anisotropy from splitting
in free oscillation data},
journal={Geophys. Res. Lett.},
year=1986,
volume=13,
pages={1549--1552},
}

@ARTICLE{yomogida85,
citekey={yomogida85},
author={K. Yomogida},
title={Gaussian beams for surface waves in laterally slowly
varying media},
journal={Geophys. J. Roy. Astron. Soc.},
year=1985,
volume=82,
pages={511--533},
}

@ARTICLE{yomogida&aki85,
citekey={yomogida&aki85},
author={K. Yomogida and K. Aki},
title={Waveform synthesis of surface waves in a laterally
heterogeneous Earth by the Gaussian beam method},
journal={J. Geophys. Res.},
year=1985,
volume=90,
pages={7655--7688},
}

@ARTICLE{yuen&peltier82,
citekey={yuen&peltier82},
author={D. A. Yuen and W. R. Peltier},
title={Normal modes of the viscoelastic Earth},
journal={Geophys. J. Roy. Astron. Soc.},
year=1982,
volume=69,
pages={495--526},
}

@ARTICLE{zielhuis&nolet94,
citekey={zielhuis&nolet94},
author={A. Zielhuis and G. Nolet},
title={Shear wave velocity variations in the upper
mantle beneath central Europe},
journal={Geophys. J. Int.},
year=1994,
volume=117,
pages={695--715},
}

@BOOK{zener48,
citekey={zener48},
author={C. Zener},
title={Elasticity and Anelasticity of Metals},
year=1948,
publisher={University of Chicago Press, Chicago},
}

@ARTICLE{zhang&tanimoto93,
citekey={zhang&tanimoto93},
author={Y.-S. Zhang and T. Tanimoto},
title={High-resolution global upper mantle structure
and plate tectonics},
journal={J. Geophys. Res.},
year=1993,
volume=98,
pages={9793--9823},
}

@ARTICLE{zhang&lay96,
citekey={zhang&lay96},
author={Y.-S. Zhang and T. Lay},
title={Global surface wave phase velocity variations},
journal={J. Geophys. Res.},
year=1996,
volume=101,
pages={8415--8436},
}

@ARTICLE{zhao&dahlen93,
citekey={zhao&dahlen93},
author={L. Zhao and F. A. Dahlen},
title={Asymptotic eigenfrequencies of the Earth's normal modes},
journal={Geophys. J. Int.},
year=1993,
volume=115,
pages={729--758},
}

@ARTICLE{zhao&dahlen95a,
citekey={zhao&dahlen95a},
author={L. Zhao and F. A. Dahlen},
title={Asymptotic normal modes of the Earth---Part II.\ Eigenfunctions},
journal={Geophys. J. Int.},
year={1995a},
volume={121},
pages={585--626},
}

@ARTICLE{zhao&dahlen95b,
citekey={zhao&dahlen95b},
author={L. Zhao and F. A. Dahlen},
title={Asymptotic normal modes of the
Earth---Part III.\ Fr\'{e}chet kernel and group velocity},
journal={Geophys. J. Int.},
year={1995b},
volume={122},
pages={299--325},
}

@ARTICLE{zhao&dahlen96,
citekey={zhao&dahlen96},
author={L. Zhao and F. A. Dahlen},
title={Mode-sum to ray-sum transformation in a spherical
and aspherical Earth},
journal={Geophys. J. Int.},
year=1996,
volume={126},
pages={389--412},
}

@ARTICLE{zhao&jordan97,
citekey={zhao&jordan97},
author={L. Zhao and T. H. Jordan},
title={Sensitivity of frequency-dependent travel times
to laterally heterogeneous, anisotropic Earth structure},
journal={Geophys. J. Int.},
year=1998,
volume={},
pages={},
note={in press},
}

@ARTICLE{zharkov&lyubimov1970a,
citekey={zharkov&lyubimov1970a},
author={B. N. Zharkov and V. M. Lyubimov},
title={Torsional oscillations of a spherically
asymmetrical model of the Earth},
journal={Izv., Bull. Akad. Sci. USSR., Phys. Solid Earth},
year={1970a},
volume={2},
pages={71--76},
}

@ARTICLE{zharkov&lyubimov1970b,
citekey={zharkov&lyubimov1970b},
author={B. N. Zharkov and V. M. Lyubimov},
title={Theory of spheroidal vibrations for a spherically
asymmetrical model of the Earth},
journal={Izv., Bull. Akad. Sci. USSR, Phys. Solid Earth},
year={1970b},
volume={10},
pages={613--618},
}

@BOOK{zharkov78,
citekey={zharkov78},
author={V. N. Zharkov},
title={Physics of Planetary Interiors},
year=1978,
publisher={Pachart Publishing House, Tucson, Arizona},
}

@INCOLLECTION{zschau78,
citekey={zschau78},
author={J. Zschau},
title={Tidal friction in the solid Earth: Loading
tides versus body tides},
booktitle={Tidal Friction and the Earth's Rotation},
publisher={Springer-Verlag, Berlin},
editor={P. Brosche and J. S\"{u}ndermann},
year=1978,
pages={62--94},
}

@INCOLLECTION{zschau86,
citekey={zschau86},
author={J. Zschau},
title={Tidal friction in the solid Earth: Constraints from
the Chandler wobble period},
booktitle={Space Geodesy and Geodynamics},
publisher={Academic Press, London},
editor={A. J. Anderson and A. Cazenave},
year=1986,
pages={315--344},
}

@ARTICLE{cara78,
citekey={cara78},
author={M. Cara},
title={Regional variations of higher Rayleigh-mode
phase velocities: a spatial-filtering method},
journal={Geophys. J. Roy. Astron. Soc.},
year=1978,
volume=54,
pages={439--460},
}

@ARTICLE{carpenter&davies66,
citekey={carpenter&davies66},
author={E. W. Carpenter and D. Davies},
title={Frequency dependent seismic phase velocities:
An attempted reconciliation between the Jeffreys/Bullen
and Gutenberg models of the upper mantle},
journal={Nature},
year=1966,
volume=212,
pages={134--135},
}

@ARTICLE{cowling41,
citekey={cowling41},
author={T. G. Cowling},
title={The non-radial oscillations of polytropic stars},
journal={Mon. Not. Roy. Astron. Soc.},
year=1941,
volume=101,
pages={369--373},
}

@BOOK{cox80,
citekey={cox80},
author={J. P. Cox},
title={Theory of Stellar Pulsation},
year=1980,
publisher={Princeton University Press, Princeton, New Jersey},
}

@ARTICLE{cummins97,
citekey={cummins97},
author={P. R. Cummins},
title={Earthquake near field and W phase observations
at teleseismic distances},
journal={Geophys. Res. Lett.},
year=1997,
volume=24,
pages={2857--2860},
}

@ARTICLE{demets&al90,
citekey={demets&al90},
author={C. DeMets and R. G. Gordon and D. F. Argus and S. Stein},
title={Current plate motions},
journal={Geophys. J. Int.},
year=1990,
volume=101,
pages={525--478},
}

@ARTICLE{durek&ekstrom97,
citekey={durek&ekstrom97},
author={J. J. Durek and G. {Ekstr\"{o}m}},
title={Investigating discrepancies among measurements of travelling and
standing wave attenuation},
journal={J. Geophys. Res.},
year=1997,
volume=102,
pages={24529--24544},
}

@ARTICLE{ihmle&jordan94,
citekey={ihmle&jordan94},
author={P. F. {Ihml\'{e}} and T. H. Jordan},
title={Teleseismic search for slow precursors to
large earthquakes},
journal={Science},
year=1994,
volume=266,
pages={1547--1551},
}

@BOOK{jackson62,
citekey={jackson62},
author={J. D. Jackson},
title={Classical Electrodynamics},
year=1962,
publisher={Wiley, New York},
}

@BOOK{jeffreys24,
citekey={jeffreys24},
author={H. Jeffreys},
title={The Earth},
year=1924,
edition={First},
publisher={Cambridge University Press, Cambridge},
}

@BOOK{jeffreys70,
citekey={jeffreys70},
author={H. Jeffreys},
title={The Earth},
edition={Fifth},
year=1970,
publisher={Cambridge University Press, Cambridge},
}

@ARTICLE{jobert&al77,
citekey={jobert&al77},
author={N. Jobert and R. Gaulon and A. Dieulin and G. Roult},
title={Sur les ondes de tr\'{e}s longue p\'{e}riode,
caract\'{e}ristiques du manteau sup\'{e}rieur},
journal={Comptes Rendus Acad. Sci. Paris, S\'{e}r. B},
year=1977,
volume=285,
pages={49--51},
}

@ARTICLE{kanamori&mori92,
citekey={kanamori&mori92},
author={H. Kanamori and J. Mori},
title={Harmonic excitation of mantle Rayleigh waves
by the 1992 eruption of Mount Pinatubo, Philippines},
journal={Geophys. Res. Lett.},
year=1992,
volume={19},
pages={721--724},
}

@ARTICLE{kanamori93,
citekey={kanamori93},
author={H. Kanamori},
title={W phase},
journal={Geophys. Res. Lett.},
year=1993,
volume={20},
pages={1691--1694},
}

@ARTICLE{kanamori&kikuchi93,
citekey={kanamori&kikuchi93},
author={H. Kanamori and M. Kikuchi},
title={The 1992 Nicaragua Earthquake: a slow tsunami
eartquake associated with subducted sediments},
journal={Nature},
year=1993,
volume={361},
pages={714--716},
}

@ARTICLE{kennett&nolet79,
citekey={kennett&nolet79},
author={B. L. N. Kennett and G. Nolet},
title={The influence of upper mantle discontinuities
upon the free oscillations of the Earth},
journal={Geophys. J. Roy. Astron. Soc.},
year=1979,
volume=56,
pages={283--308},
}

@ARTICLE{kikuchi&kanamori82,
citekey={kikuchi&kanamori82},
author={M. Kikuchi and H. Kanamori},
title={Inversion of complex body waves},
journal={Bull. Seismol. Soc. Am.},
year=1982,
volume=72,
pages={491--506},
}

@ARTICLE{lamb04,
citekey={lamb04},
author={H. Lamb},
title={On the propagation of tremors over the surface
of an elastic solid},
journal={Phil. Trans. Roy. Soc. Lond.},
year=1904,
volume=203,
pages={1--42},
}

@ARTICLE{langston81,
citekey={langston81},
author={C. A. Langston},
title={Source inversion of seismic waveforms:
The Koyna, India, earthquake of 13 September 1967},
journal={Bull. Seismol. Soc. Am.},
year=1981,
volume=71,
pages={1--24},
}

@ARTICLE{lognonne&al98,
citekey={lognonne&al98},
author={P. {Lognonn\'{e}} and E. {Cl\'{e}v\'{e}d\'{e}}
and H. Kanamori},
title={Normal mode summation of seismograms and barograms
in a spherical Earth with a realistic atmosphere},
journal={Geophys. J. Int.},
year=1998,
volume={},
pages={},
note={in press},
}

@ARTICLE{mikumo68,
citekey={mikumo68},
author={T. Mikumo},
title={Atmospheric pressure waves and tectonic deformation
associated with the Alaskan earthquake of March 28, 1964},
journal={J. Geophys. Res.},
year=1968,
volume=73,
pages={2009--2025},
}

@ARTICLE{minster&jordan78,
citekey={minster&jordan78},
author={J. B. Minster and T. H. Jordan},
title={Present-day plate motions},
journal={J. Geophys. Res.},
year=1978,
volume=83,
pages={5331--5354},
}

@ARTICLE{nabelek85,
citekey={nabelek85},
author={J. L. {N\'{a}b\v{e}lek}},
title={Geometry and mechanism of faulting of the
1980 El Asnam, Algeria, earthquake from inversion
of teleseismic body waves and comparison with field observations},
journal={J. Geophys. Res.},
year=1985,
volume=90,
pages={12713--12728},
}

@ARTICLE{scholte47,
citekey={scholte47},
author={J. G. Scholte},
title={The range of existence of Rayleigh and Stoneley waves},
journal={Mon. Not. Roy. Astron. Soc., Geophys. Suppl.},
year=1947,
volume=5,
pages={120--126},
}

@ARTICLE{shearer94a,
citekey={shearer94a},
author={P. M. Shearer},
title={Imaging Earth's seismic response at long periods},
journal={EOS, Trans. Am. Geophys. Un.},
year={1994a},
volume=75,
pages={449--451},
}

@ARTICLE{shearer94,
citekey={shearer94},
author={P. M. Shearer},
title={Constraints on inner core anisotropy from ISC PKP(DF) data},
journal={J. Geophys. Res.},
year={1994b},
volume=99,
pages={19647--19660},
}

@BOOK{tolstoy73,
citekey={tolstoy73},
author={I. Tolstoy},
title={Wave Propagation},
year=1973,
publisher={McGraw-Hill, New York},
}

@BOOK{unno&al89,
citekey={unno&al89},
author={W. Unno and Y. Osaki and H. Ando and H. Saio and H. Shibahashi},
title={Nonradial Oscillations of Stars},
year=1989,
publisher={University of Tokyo Press, Tokyo},
}

@ARTICLE{vidale&al95,
citekey={vidale&al95},
author={J. E. Vidale and S. Goes and P. G. Richards},
title={Near-field deformation seen on distant broadband seismograms},
journal={Geophys. Res. Lett.},
year={1995},
volume=22,
pages={1--4},
}

@PHDTHESIS{watada95,
citekey={watada95},
author={S. Watada},
title={Part I: Near-source acoustic coupling between the atmosphere
and the solid Earth during volcanic eruptions, Part II: Nearfield
normal mode amplitude anomalies of the Landers earthquake},
school={California Institute of Technology, Pasadena},
year=1995,
}

@ARTICLE{widmer&zurn92a,
citekey={widmer&zurn92a},
author={R. Widmer and W. {Z\"{u}rn} and G. Masters},
title={Observation of low-order toroidal modes from the 1989
Macquarie Rise event},
journal={Geophys. J. Int.},
year={1992},
volume=111,
pages={226--236},
}

@ARTICLE{widmer&zurn92b,
citekey={widmer&zurn92b},
author={R. Widmer and W. {Z\"{u}rn}},
title={Bichromatic excitation of long-period Rayleigh and air
waves by the Mount Pinatubo and El {Chich\'{o}n} volcanic eruptions},
journal={Geophys. Res. Lett.},
year={1992},
volume={19},
pages={765--768},
}

@ARTICLE{yuen&al69,
citekey={yuen&al69},
author={P. C. Yuen and P. F. Weaver and R. K. Suzuki and
A. S. Furumoto},
title={Continuous, traveling coupling between seismic waves
and the ionosphere evident in May 1968 Japan earthquake data},
journal={J. Geophys. Res.},
year=1969,
volume={74},
pages={2256--2264},
}

@INCOLLECTION{zurn&widmer96,
citekey={zurn&widmer96},
author={W. {Z\"{u}rn} and R. Widmer},
title={World-wide observation of bichromatic long-period Rayleigh waves
excited during the June 15, 1991 eruption of Mount Pinatubo},
booktitle={Fire and Mud, Eruptions of Mount Pinatubo, Philippines},
publisher={Philippine Institute of Volcanology and Seismology,
Quezon City and University of Washington Press, Seattle},
editor={C. G. Newhall and R. S. Punongbayan},
year=1996,
pages={615--624},
}

@ARTICLE{cummins&al97,
citekey={cummins&al97},
author={P. R. Cummins and N. Takeuchi and R. J. Geller},
title={Computation of complete synthetic seismograms for laterally
heterogeneous models using the direct solution method},
journal={Geophys. J. Int.},
year=1997,
volume={130},
pages={1--16 },
}

@ARTICLE{dahlen&henson85,
citekey={dahlen&henson85},
author={F. A. Dahlen and I. H. Henson},
title={Asymptotic normal modes of a laterally heterogeneous Earth},
journal={J. Geophys. Res.},
year=1985,
volume={90},
pages={12653--12681},
}

@ARTICLE{geller&ohminato94,
citekey={geller&ohminato94},
author={R. J. Geller and T. Ohminato},
title={Computation of synthetic seismograms and their partial
derivatives for heterogeneous media with arbitrary natural boundary
conditions using the direct solution method},
journal={Geophys. J. Int.},
year=1994,
volume={116},
pages={421--446},
}

@ARTICLE{hara&al91,
citekey={hara&al91},
author={T. Hara and S. Tsuboi and R. J. Geller},
title={Inversion for laterally heterogeneous Earth
structure using a laterally heterogeneous starting model:
preliminary results},
journal={Geophys. J. Int.},
year=1991,
volume={104},
pages={523--540},
}

@ARTICLE{hara&al93,
citekey={hara&al93},
author={T. Hara and S. Tsuboi and R. J. Geller},
title={Inversion for laterally heterogeneous Earth structure using
iterative linearized waveform inversion},
journal={Geophys. J. Int.},
year=1993,
volume={115},
pages={667--698},
}

@ARTICLE{henson&dahlen86,
citekey={henson&dahlen86},
author={I. H. Henson and F. A. Dahlen},
title={Asymptotic normal modes of a laterally
heterogeneous Earth, 2, Further results},
journal={J. Geophys. Res.},
year=1986,
volume={91},
pages={12467--12481},
}

@ARTICLE{li&al91b,
citekey={li&al91b},
author={X.-D. Li and D. Giardini and J. H. Woodhouse},
title={The relative amplitudes of mantle heterogeneity in P velocity,
S velocity, and density from free oscillation data},
journal={Geophys. J. Int.},
year={1991b},
volume={105},
pages={649--657},
}

@ARTICLE{masters89,
citekey={masters89},
author={G. Masters},
title={Seismic modelling of the Earth's large-scale
three-dimensional structure},
journal={Phil. Trans. Roy. Soc. Lond., Ser. A},
year=1989,
volume={328},
pages={329--349},
}

@ARTICLE{masters&al83,
citekey={masters&al83},
author={G. Masters and J. Park and F. Gilbert},
title={Observations of coupled spheroidal and toroidal modes},
journal={J. Geophys. Res.},
year=1983,
volume={88},
pages={10285--10298},
}

@ARTICLE{masters&dinger98,
citekey={masters&dinger98},
author={G. Masters and K. Richards-Dinger},
title={On the efficient calculation of ordinary
and generalized spherical harmonics},
journal={Geophys. J. Int.},
year=1998,
volume={},
pages={},
note={in press},
}

@ARTICLE{romanowicz87,
citekey={romanowicz87},
author={B. Romanowicz},
title={Multiplet-multiplet coupling due to
lateral heterogeneity: Asymptotic effects
on the amplitude and frequency of the Earth's
normal modes},
journal={Geophys. J. Roy. Astron. Soc.},
year=1987,
volume={90},
pages={75--100},
}

@ARTICLE{roult&al90,
citekey={roult&al90},
author={G. Roult and B. Romanowicz and J. P. Montagner},
title={3-D upper mantle shear velocity and attenuation
from fundamental mode free oscillation data},
journal={Geophys. J. Roy. Astron. Soc.},
year=1990,
volume={101},
pages={61--80},
}

@ARTICLE{smith&masters89b,
citekey={smith&masters89b},
author={M. F. Smith and G. Masters},
title={The effect of Coriolis coupling of free oscillation multiplets 
on the determination of aspherical Earth structure},
journal={Geophys. Res. Lett.},
year={1989b},
volume={16},
pages={263--266},
}

@ARTICLE{stutzmann&montagner93,
citekey={stutzmann&montagner93},
author={E. Stutzmann and J. P. Montagner},
title={An inverse technique for retrieving higher mode phase
velocity and mantle structure},
journal={Geophys. J. Int.},
year=1993,
volume={113},
pages={669--683},
}

@ARTICLE{stutzmann&montagner94,
citekey={stutzmann&montagner94},
author={E. Stutzmann and J. P. Montagner},
title={Tomography of the transition zone from the inversion of
higher mode surface waves},
journal={Phys. Earth Planet. Inter.},
year=1994,
volume={86},
pages={99--115},
}

@ARTICLE{vanheijst&woodhouse97,
citekey={vanheijst&woodhouse97},
author={H. J. {van Heijst} and J. Woodhouse},
title={Measuring surface-wave overtone phase velocity using a
mode-branch stripping technique},
journal={Geophys. J. Int.},
year=1997,
volume={131},
pages={209--230},
}

@ARTICLE{woodward&masters91,
citekey={woodward&masters91},
author={R. L. Woodward and G. Masters},
title={Upper mantle structure from long-period differential
travel times and free oscillation data},
journal={Geophys. J. Int.},
year=1991,
volume={109},
pages={275--293},
}

@ARTICLE{dahlen80a,
citekey={dahlen80a},
author={F. A. Dahlen},
title={A uniformly valid asymptotic representation of normal
mode multiplet spectra on a laterally heterogeneous Earth},
journal={Geophys. J. Roy. Astron. Soc.},
year={1980a},
volume=62,
pages={225--247},
}

@ARTICLE{dziewonski&woodward92,
citekey={dziewonski&woodward92},
author={A. M. Dziewonski and R. L. Woodward},
title={Acoustic imaging at the planetary scale},
journal={Acoustical Imaging},
year={1992},
volume=19,
pages={785--797},
}

@ARTICLE{jackson93,
citekey={jackson93},
author={I. Jackson},
title={Progress in the experimental study of
seismic wave attenuation},
journal={Ann. Rev. Earth Planet. Sci.},
year=1993,
volume=21,
pages={375--406},
}

@ARTICLE{james76,
citekey={james76},
author={R. W. James},
title={New tensor spherical harmonics, for application to
the partial differential equations of mathematical physics},
journal={Phil. Trans. Roy. Soc. Lond., Ser. A},
year=1976,
volume=281,
pages={195--221},
}

@ARTICLE{resovsky&ritzwoller98,
citekey={resovsky&ritzwoller98},
author={J. S. Resovsky and M. H. Ritzwoller},
title={New and refined constraints on three-dimensional
earth structure from normal modes below 3 mHz},
journal={J. Geophys. Res.},
year=1998,
volume={103},
pages={783--810},
}

@ARTICLE{satake88,
citekey={satake88},
author={K. Satake},
title={Effects of bathymetry on tsunami propagation:
application of ray tracing to tsunamis},
journal={Pure Appl. Geophys.},
year=1988,
volume={126},
pages={27--36},
}

@ARTICLE{smith77,
citekey={smith77},
author={M. L. Smith},
title={Wobble and nutation of the Earth},
journal={Geophys. J. Roy. Astron. Soc.},
year=1977,
volume={50},
pages={103--140},
}

@ARTICLE{tsuboi&um93,
citekey={tsuboi&um93},
author={S.Tsuboi and J. Um},
title={Anomalous amplification of the Earth's normal modes
near the epicenter due to lateral heterogeneity},
journal={Geophys. Res. Lett.},
year={1993},
volume=20,
pages={2379--2382},
}

@BOOK{varshalovich&al88,
citekey={varshalovich&al88},
author={D. A. Varshalovich and A. N. Moskalev and V. K. Khersonskii},
title={Quantum Theory of Angular Momentum},
year=1988,
publisher={World Scientific, London},
}

@ARTICLE{wald&heaton94,
citekey={wald&heaton94},
author={D. J. Wald and T. Heaton},
title={Spatial and temporal distribution of slip
for the 1992 Landers, California earthquake},
journal={Bull. Seismol. Soc. Am.},
year={1994},
volume=84,
pages={668--691},
}

@ARTICLE{wang&al98,
citekey={wang&al98},
author={Z. Wang and J. Tromp and G. {Ekstr\"{o}m}},
title={Global and regional surface-wave inversions:
A spherical-spline parameterization},
journal={Geophys. Res. Lett.},
year={1998},
volume=25,
pages={207--210},
}

@ARTICLE{watada&al93,
citekey={watada&al93},
author={S. Watada and H. Kanamori and D. L. Anderson},
title={An analysis of nearfield normal mode amplitude anomalies
of the Landers earthquake},
journal={Geophys. Res. Lett.},
year={1993},
volume=20,
pages={2611--2614},
}

@ARTICLE{wolf69,
citekey={wolf69},
author={A. A. Wolf},
title={Rotation operators},
journal={Am. J. Phys.},
year={1969},
volume=37,
pages={531--536},
}

@ARTICLE{woods&okal87,
citekey={woods&okal87},
author={M. T. Woods and E. A. Okal},
title={Effect of variable bathymetry on the amplitude
of teleseismic tsunamis: a ray-tracing experiment},
journal={Geophys. Res. Lett.},
year={1987},
volume=14,
pages={765--768},
}
